date,region,product_type,product_id,product_name,customers_acquired,avg_product_value,marketing_spend,churn_rate,revenue
2021-01,North,Credit Card,1000,Platinum Card,365,100.0,21594.51,0.0556,34470.6
2021-01,North,Credit Card,1001,CashBack Card,312,2010.52,21165.48,0.0524,594412.65
2021-01,North,Credit Card,1002,Student Card,394,1816.45,12380.62,0.0414,686052.09
2021-01,North,Mortgage,1003,Home Loan Pro,339,199257.59,12618.35,0.0797,62164721.67
2021-01,North,Mortgage,1004,First Home Loan,393,199399.36,18541.53,0.038,75386118.44
2021-01,North,Personal Loan,1005,Flexi Loan,322,2852.28,18067.64,0.0268,893820.12
2021-01,North,Personal Loan,1006,Instant Loan,287,1323.0,13032.92,0.01,375903.99
2021-01,North,Savings Account,1007,High Yield Savings,345,100.0,19421.76,0.044,32982.0
2021-01,North,Savings Account,1008,Standard Savings,346,1460.82,20429.62,0.0198,495435.93
2021-01,North,Investment,1009,WealthBuilder Fund,377,1721.5,22910.61,0.0678,605002.93
2021-01,North,Investment,1010,Retirement Plan,316,1211.59,22985.22,0.0321,370572.56
2021-01,South,Credit Card,1011,Platinum Card,329,888.01,24062.63,0.0771,269630.12
2021-01,South,Credit Card,1012,CashBack Card,370,1972.96,23977.98,0.0799,671668.58
2021-01,South,Credit Card,1013,Student Card,314,1338.18,19247.33,0.0307,407288.73
2021-01,South,Mortgage,1014,Home Loan Pro,302,199780.33,21785.56,0.0796,55531100.35
2021-01,South,Mortgage,1015,First Home Loan,343,199481.73,23524.91,0.0572,64508481.64
2021-01,South,Personal Loan,1016,Flexi Loan,311,100.0,18855.76,0.0693,28944.77
2021-01,South,Personal Loan,1017,Instant Loan,379,790.31,16489.73,0.0434,286528.0
2021-01,South,Savings Account,1018,High Yield Savings,361,100.0,21727.59,0.0421,34580.19
2021-01,South,Savings Account,1019,Standard Savings,323,710.86,29430.93,0.0535,217323.76
2021-01,South,Investment,1020,WealthBuilder Fund,344,1817.87,14726.98,0.0348,603585.19
2021-01,South,Investment,1021,Retirement Plan,359,1457.42,21699.1,0.0499,497105.41
2021-01,East,Credit Card,1022,Platinum Card,360,100.0,16658.77,0.0473,34297.2
2021-01,East,Credit Card,1023,CashBack Card,390,2401.32,15047.32,0.0387,900271.68
2021-01,East,Credit Card,1024,Student Card,375,463.84,25482.64,0.0586,163747.12
2021-01,East,Mortgage,1025,Home Loan Pro,375,197530.3,18216.27,0.0611,69547949.5
2021-01,East,Mortgage,1026,First Home Loan,367,200062.82,22507.98,0.0471,69964829.05
2021-01,East,Personal Loan,1027,Flexi Loan,367,1180.62,23088.2,0.0743,401094.28
2021-01,East,Personal Loan,1028,Instant Loan,308,1854.0,28942.97,0.0613,536027.74
2021-01,East,Savings Account,1029,High Yield Savings,324,835.5,14043.48,0.0631,253620.7
2021-01,East,Savings Account,1030,Standard Savings,331,537.47,14437.51,0.0673,165929.73
2021-01,East,Investment,1031,WealthBuilder Fund,348,1958.41,13150.64,0.0346,657945.86
2021-01,East,Investment,1032,Retirement Plan,321,100.0,15763.21,0.0773,29618.67
2021-01,West,Credit Card,1033,Platinum Card,369,2172.03,14645.54,0.0596,753710.92
2021-01,West,Credit Card,1034,CashBack Card,365,875.87,23701.7,0.041,306585.16
2021-01,West,Credit Card,1035,Student Card,360,1777.05,21070.47,0.0251,623680.58
2021-01,West,Mortgage,1036,Home Loan Pro,379,200230.95,15955.32,0.0711,70491926.66
2021-01,West,Mortgage,1037,First Home Loan,355,200051.36,22248.87,0.0856,64939072.07
2021-01,West,Personal Loan,1038,Flexi Loan,338,1515.05,39263.66,0.0614,480644.76
2021-01,West,Personal Loan,1039,Instant Loan,385,2135.57,12197.21,0.09,748196.95
2021-01,West,Savings Account,1040,High Yield Savings,366,100.0,21786.52,0.0417,35073.78
2021-01,West,Savings Account,1041,Standard Savings,389,1080.2,17293.57,0.0655,392674.84
2021-01,West,Investment,1042,WealthBuilder Fund,413,3143.94,23169.6,0.01,1285462.75
2021-01,West,Investment,1043,Retirement Plan,407,1186.45,15712.26,0.0668,450628.42
2021-02,North,Credit Card,1044,Platinum Card,290,631.55,20786.01,0.0477,174413.27
2021-02,North,Credit Card,1045,CashBack Card,374,1831.71,13695.58,0.0684,638201.47
2021-02,North,Credit Card,1046,Student Card,369,269.26,13600.4,0.0453,94856.07
2021-02,North,Mortgage,1047,Home Loan Pro,311,201872.01,17593.76,0.01,62154373.16
2021-02,North,Mortgage,1048,First Home Loan,376,199675.6,22623.05,0.1137,66541654.09
2021-02,North,Personal Loan,1049,Flexi Loan,388,1084.16,18987.71,0.0512,399116.59
2021-02,North,Personal Loan,1050,Instant Loan,327,1749.11,29044.78,0.0545,540787.21
2021-02,North,Savings Account,1051,High Yield Savings,382,729.04,21404.96,0.0375,268049.78
2021-02,North,Savings Account,1052,Standard Savings,293,100.0,26409.6,0.0494,27852.58
2021-02,North,Investment,1053,WealthBuilder Fund,384,100.0,21810.07,0.0616,36034.56
2021-02,North,Investment,1054,Retirement Plan,326,2678.31,10627.66,0.0822,801357.85
2021-02,South,Credit Card,1055,Platinum Card,372,1527.96,22735.49,0.046,542254.67
2021-02,South,Credit Card,1056,CashBack Card,333,137.38,23952.97,0.0627,42879.17
2021-02,South,Credit Card,1057,Student Card,312,100.0,18803.88,0.0671,29106.48
2021-02,South,Mortgage,1058,Home Loan Pro,349,199799.8,30123.6,0.0329,67436008.92
2021-02,South,Mortgage,1059,First Home Loan,323,199985.72,25790.55,0.0658,60345011.06
2021-02,South,Personal Loan,1060,Flexi Loan,368,300.85,19955.91,0.01,109605.67
2021-02,South,Personal Loan,1061,Instant Loan,342,2770.43,20450.36,0.0517,898501.98
2021-02,South,Savings Account,1062,High Yield Savings,358,528.96,21160.25,0.021,185390.96
2021-02,South,Savings Account,1063,Standard Savings,354,100.0,27391.26,0.0324,34253.04
2021-02,South,Investment,1064,WealthBuilder Fund,353,425.8,12540.13,0.0818,138012.25
2021-02,South,Investment,1065,Retirement Plan,352,1471.64,22596.73,0.0807,476213.29
2021-02,East,Credit Card,1066,Platinum Card,370,656.8,22288.38,0.0514,230524.98
2021-02,East,Credit Card,1067,CashBack Card,320,1983.5,17640.61,0.0389,610029.39
2021-02,East,Credit Card,1068,Student Card,396,3189.8,15958.51,0.0332,1221223.86
2021-02,East,Mortgage,1069,Home Loan Pro,347,199400.61,16008.82,0.0232,67586757.0
2021-02,East,Mortgage,1070,First Home Loan,349,198087.29,21812.38,0.0614,64887730.91
2021-02,East,Personal Loan,1071,Flexi Loan,377,1970.52,13841.35,0.0538,702918.77
2021-02,East,Personal Loan,1072,Instant Loan,313,100.0,26769.36,0.0477,29806.99
2021-02,East,Savings Account,1073,High Yield Savings,350,2237.82,21296.95,0.056,739375.73
2021-02,East,Savings Account,1074,Standard Savings,339,355.72,26779.85,0.0352,116344.34
2021-02,East,Investment,1075,WealthBuilder Fund,290,350.75,23558.07,0.0275,98920.27
2021-02,East,Investment,1076,Retirement Plan,377,998.36,17869.84,0.0755,347964.9
2021-02,West,Credit Card,1077,Platinum Card,294,908.43,17183.71,0.1008,240156.92
2021-02,West,Credit Card,1078,CashBack Card,309,100.0,23430.26,0.0712,28699.92
2021-02,West,Credit Card,1079,Student Card,357,100.0,21800.85,0.0844,32686.92
2021-02,West,Mortgage,1080,Home Loan Pro,327,200981.55,21653.5,0.0497,62454634.8
2021-02,West,Mortgage,1081,First Home Loan,320,200796.41,12384.2,0.0741,59493566.73
2021-02,West,Personal Loan,1082,Flexi Loan,358,1366.6,15300.6,0.0397,469819.86
2021-02,West,Personal Loan,1083,Instant Loan,418,100.0,20380.24,0.0571,39413.22
2021-02,West,Savings Account,1084,High Yield Savings,366,184.5,17204.87,0.0213,66088.67
2021-02,West,Savings Account,1085,Standard Savings,337,808.47,16873.81,0.0445,260330.17
2021-02,West,Investment,1086,WealthBuilder Fund,354,887.67,18895.15,0.0623,294658.33
2021-02,West,Investment,1087,Retirement Plan,337,1757.51,31870.71,0.0438,566338.97
2021-03,North,Credit Card,1088,Platinum Card,318,1576.56,21556.25,0.1116,445395.86
2021-03,North,Credit Card,1089,CashBack Card,373,2119.57,15643.77,0.0455,754627.33
2021-03,North,Credit Card,1090,Student Card,350,100.0,16728.13,0.0345,33792.5
2021-03,North,Mortgage,1091,Home Loan Pro,392,199649.21,26715.49,0.0238,76399843.05
2021-03,North,Mortgage,1092,First Home Loan,384,201523.12,22694.55,0.0293,75117501.15
2021-03,North,Personal Loan,1093,Flexi Loan,314,809.66,12923.99,0.0619,238496.2
2021-03,North,Personal Loan,1094,Instant Loan,332,793.76,8610.25,0.0659,246161.8
2021-03,North,Savings Account,1095,High Yield Savings,360,1145.2,20496.66,0.065,385474.32
2021-03,North,Savings Account,1096,Standard Savings,346,100.0,23193.12,0.0543,32721.22
2021-03,North,Investment,1097,WealthBuilder Fund,348,2709.0,14304.29,0.0554,890504.65
2021-03,North,Investment,1098,Retirement Plan,331,252.03,9306.0,0.0899,75922.3
2021-03,South,Credit Card,1099,Platinum Card,366,2983.99,24178.46,0.0274,1062215.69
2021-03,South,Credit Card,1100,CashBack Card,337,2288.41,22322.58,0.0388,741271.84
2021-03,South,Credit Card,1101,Student Card,284,2505.03,22440.22,0.0816,653375.95
2021-03,South,Mortgage,1102,Home Loan Pro,333,200516.12,22377.47,0.0385,64201151.04
2021-03,South,Mortgage,1103,First Home Loan,395,199319.26,18648.98,0.069,73298661.27
2021-03,South,Personal Loan,1104,Flexi Loan,331,1250.19,24028.68,0.01,409674.76
2021-03,South,Personal Loan,1105,Instant Loan,369,2510.8,24462.05,0.0519,878400.62
2021-03,South,Savings Account,1106,High Yield Savings,311,2214.72,15595.68,0.0324,666461.52
2021-03,South,Savings Account,1107,Standard Savings,416,1512.6,20909.33,0.055,594633.31
2021-03,South,Investment,1108,WealthBuilder Fund,306,2509.77,22010.17,0.043,734966.07
2021-03,South,Investment,1109,Retirement Plan,417,1829.14,31285.99,0.0313,738877.26
2021-03,East,Credit Card,1110,Platinum Card,328,1756.99,15389.17,0.0674,537450.59
2021-03,East,Credit Card,1111,CashBack Card,352,2355.64,25909.87,0.0572,781755.88
2021-03,East,Credit Card,1112,Student Card,349,109.16,8376.4,0.0536,36054.85
2021-03,East,Mortgage,1113,Home Loan Pro,365,202643.57,15622.37,0.0541,69963401.79
2021-03,East,Mortgage,1114,First Home Loan,366,199209.53,22357.34,0.0876,66523711.71
2021-03,East,Personal Loan,1115,Flexi Loan,335,2345.42,18353.63,0.0406,753815.64
2021-03,East,Personal Loan,1116,Instant Loan,367,3538.69,22619.76,0.0382,1249088.92
2021-03,East,Savings Account,1117,High Yield Savings,317,866.6,14939.48,0.0169,270069.56
2021-03,East,Savings Account,1118,Standard Savings,303,100.0,6076.82,0.0532,28688.04
2021-03,East,Investment,1119,WealthBuilder Fund,338,1775.47,24022.2,0.0469,571963.75
2021-03,East,Investment,1120,Retirement Plan,314,327.53,16724.45,0.0589,96786.88
2021-03,West,Credit Card,1121,Platinum Card,383,1014.21,32866.8,0.0512,368554.18
2021-03,West,Credit Card,1122,CashBack Card,322,885.16,20775.18,0.1014,256120.34
2021-03,West,Credit Card,1123,Student Card,313,100.0,32149.24,0.089,28514.3
2021-03,West,Mortgage,1124,Home Loan Pro,349,199657.31,18142.8,0.0218,68161368.44
2021-03,West,Mortgage,1125,First Home Loan,393,199222.18,18715.91,0.0705,72774567.41
2021-03,West,Personal Loan,1126,Flexi Loan,388,1098.75,19348.27,0.06,400736.1
2021-03,West,Personal Loan,1127,Instant Loan,381,100.0,20065.0,0.0512,36149.28
2021-03,West,Savings Account,1128,High Yield Savings,350,1593.1,18452.27,0.0565,526081.45
2021-03,West,Savings Account,1129,Standard Savings,342,100.0,12506.7,0.0728,31710.24
2021-03,West,Investment,1130,WealthBuilder Fund,329,524.47,25078.43,0.0375,166079.98
2021-03,West,Investment,1131,Retirement Plan,407,2251.65,18224.84,0.0551,865926.72
2021-04,North,Credit Card,1132,Platinum Card,389,664.28,26730.22,0.0931,234347.42
2021-04,North,Credit Card,1133,CashBack Card,290,1672.26,25515.13,0.073,449553.66
2021-04,North,Credit Card,1134,Student Card,359,100.0,22759.32,0.0901,32665.41
2021-04,North,Mortgage,1135,Home Loan Pro,404,200717.59,21280.15,0.0697,75437939.89
2021-04,North,Mortgage,1136,First Home Loan,375,201186.18,21285.69,0.0781,69552577.25
2021-04,North,Personal Loan,1137,Flexi Loan,349,504.49,18259.93,0.054,166559.39
2021-04,North,Personal Loan,1138,Instant Loan,325,774.99,26037.96,0.0546,238119.55
2021-04,North,Savings Account,1139,High Yield Savings,359,1432.31,22466.59,0.0537,486586.79
2021-04,North,Savings Account,1140,Standard Savings,347,100.0,20726.13,0.0547,32801.91
2021-04,North,Investment,1141,WealthBuilder Fund,414,1232.68,18239.14,0.0549,482312.43
2021-04,North,Investment,1142,Retirement Plan,357,1767.98,28006.19,0.0341,609646.0
2021-04,South,Credit Card,1143,Platinum Card,320,924.23,23109.05,0.0186,290252.58
2021-04,South,Credit Card,1144,CashBack Card,341,100.0,18868.77,0.0713,31668.67
2021-04,South,Credit Card,1145,Student Card,398,1119.61,24188.49,0.0774,411114.97
2021-04,South,Mortgage,1146,Home Loan Pro,332,200818.48,20669.24,0.0589,62744770.15
2021-04,South,Mortgage,1147,First Home Loan,337,199786.73,26783.17,0.01,66654846.73
2021-04,South,Personal Loan,1148,Flexi Loan,330,565.5,18454.14,0.0544,176463.14
2021-04,South,Personal Loan,1149,Instant Loan,330,521.25,22062.85,0.0114,170051.56
2021-04,South,Savings Account,1150,High Yield Savings,397,100.0,23647.71,0.0456,37889.68
2021-04,South,Savings Account,1151,Standard Savings,310,1995.86,23567.0,0.0509,587223.93
2021-04,South,Investment,1152,WealthBuilder Fund,384,975.72,17223.88,0.0179,367969.77
2021-04,South,Investment,1153,Retirement Plan,378,1567.85,15636.85,0.0659,553591.84
2021-04,East,Credit Card,1154,Platinum Card,304,1454.56,23720.19,0.0182,434138.45
2021-04,East,Credit Card,1155,CashBack Card,342,1636.63,27752.5,0.03,542935.64
2021-04,East,Credit Card,1156,Student Card,385,1831.54,21038.06,0.047,672001.18
2021-04,East,Mortgage,1157,Home Loan Pro,392,199340.59,19358.94,0.04,75015850.83
2021-04,East,Mortgage,1158,First Home Loan,371,199626.6,14132.15,0.0659,69180817.82
2021-04,East,Personal Loan,1159,Flexi Loan,292,2048.53,21014.62,0.0197,586386.8
2021-04,East,Personal Loan,1160,Instant Loan,402,100.0,15608.14,0.0464,38334.72
2021-04,East,Savings Account,1161,High Yield Savings,276,100.0,15747.22,0.0521,26162.04
2021-04,East,Savings Account,1162,Standard Savings,366,764.54,20510.64,0.061,262752.52
2021-04,East,Investment,1163,WealthBuilder Fund,351,1038.88,19917.89,0.0738,337735.94
2021-04,East,Investment,1164,Retirement Plan,356,2865.0,24102.41,0.0721,946402.33
2021-04,West,Credit Card,1165,Platinum Card,391,1132.57,24664.98,0.0584,416973.31
2021-04,West,Credit Card,1166,CashBack Card,366,2066.67,25846.48,0.0776,697704.49
2021-04,West,Credit Card,1167,Student Card,337,1648.71,25201.03,0.0481,528890.18
2021-04,West,Mortgage,1168,Home Loan Pro,366,200418.25,22002.06,0.0455,70015514.38
2021-04,West,Mortgage,1169,First Home Loan,305,200003.41,18584.45,0.0324,59024606.35
2021-04,West,Personal Loan,1170,Flexi Loan,347,1538.02,20239.77,0.0742,494092.92
2021-04,West,Personal Loan,1171,Instant Loan,400,100.0,22593.2,0.0375,38500.0
2021-04,West,Savings Account,1172,High Yield Savings,349,1132.97,16499.4,0.0739,366185.99
2021-04,West,Savings Account,1173,Standard Savings,388,100.0,19344.81,0.01,38412.0
2021-04,West,Investment,1174,WealthBuilder Fund,340,887.01,13875.32,0.0518,285961.38
2021-04,West,Investment,1175,Retirement Plan,349,2165.91,21219.0,0.0387,726649.16
2021-05,North,Credit Card,1176,Platinum Card,388,1430.84,21216.54,0.0431,531238.27
2021-05,North,Credit Card,1177,CashBack Card,327,2549.21,16445.64,0.0366,803082.21
2021-05,North,Credit Card,1178,Student Card,372,100.0,20771.24,0.0468,35459.04
2021-05,North,Mortgage,1179,Home Loan Pro,393,198813.36,20982.61,0.0642,73117470.12
2021-05,North,Mortgage,1180,First Home Loan,393,201638.11,27505.19,0.0573,74703108.79
2021-05,North,Personal Loan,1181,Flexi Loan,370,100.0,12042.98,0.0613,34731.9
2021-05,North,Personal Loan,1182,Instant Loan,392,881.0,14110.52,0.0313,334542.48
2021-05,North,Savings Account,1183,High Yield Savings,348,2618.8,19879.12,0.0386,876164.58
2021-05,North,Savings Account,1184,Standard Savings,319,996.4,14208.18,0.0801,292391.69
2021-05,North,Investment,1185,WealthBuilder Fund,399,1877.36,15618.41,0.0508,711014.05
2021-05,North,Investment,1186,Retirement Plan,317,100.0,18594.5,0.086,28973.8
2021-05,South,Credit Card,1187,Platinum Card,360,1640.84,21377.55,0.034,570618.52
2021-05,South,Credit Card,1188,CashBack Card,316,2475.85,27618.42,0.0574,737460.64
2021-05,South,Credit Card,1189,Student Card,421,828.07,25247.76,0.0393,334916.8
2021-05,South,Mortgage,1190,Home Loan Pro,273,201351.48,22320.67,0.0384,52858146.2
2021-05,South,Mortgage,1191,First Home Loan,362,199975.9,14842.12,0.0394,69539059.53
2021-05,South,Personal Loan,1192,Flexi Loan,366,100.0,25992.22,0.0402,35128.68
2021-05,South,Personal Loan,1193,Instant Loan,330,4094.05,18713.12,0.0166,1328609.29
2021-05,South,Savings Account,1194,High Yield Savings,382,1383.54,25156.7,0.0675,492837.7
2021-05,South,Savings Account,1195,Standard Savings,350,1768.12,12190.97,0.09,563146.22
2021-05,South,Investment,1196,WealthBuilder Fund,377,2316.94,22196.51,0.0322,845360.12
2021-05,South,Investment,1197,Retirement Plan,314,100.0,16872.19,0.0579,29581.94
2021-05,East,Credit Card,1198,Platinum Card,397,100.0,27221.56,0.01,39303.0
2021-05,East,Credit Card,1199,CashBack Card,327,1378.57,28050.34,0.0171,443083.84
2021-05,East,Credit Card,1200,Student Card,373,100.0,25365.26,0.0709,34655.43
2021-05,East,Mortgage,1201,Home Loan Pro,327,199704.74,12220.51,0.0446,62390916.11
2021-05,East,Mortgage,1202,First Home Loan,342,201951.03,17050.11,0.0467,65841811.58
2021-05,East,Personal Loan,1203,Flexi Loan,360,100.0,18256.74,0.043,34452.0
2021-05,East,Personal Loan,1204,Instant Loan,351,2094.78,19193.96,0.0817,675196.4
2021-05,East,Savings Account,1205,High Yield Savings,302,3307.79,23663.2,0.0484,950603.28
2021-05,East,Savings Account,1206,Standard Savings,367,118.89,28079.79,0.0894,39731.87
2021-05,East,Investment,1207,WealthBuilder Fund,309,786.86,15644.33,0.0581,229013.32
2021-05,East,Investment,1208,Retirement Plan,318,376.23,29570.16,0.0462,114113.72
2021-05,West,Credit Card,1209,Platinum Card,399,1217.43,19485.78,0.0495,461709.72
2021-05,West,Credit Card,1210,CashBack Card,332,551.08,20337.49,0.054,173078.8
2021-05,West,Credit Card,1211,Student Card,388,1449.23,22529.7,0.0698,523052.61
2021-05,West,Mortgage,1212,Home Loan Pro,369,199935.86,21643.81,0.0564,69615347.2
2021-05,West,Mortgage,1213,First Home Loan,370,200421.92,26115.95,0.0639,69417534.95
2021-05,West,Personal Loan,1214,Flexi Loan,428,1721.47,23176.98,0.0758,680940.54
2021-05,West,Personal Loan,1215,Instant Loan,364,738.6,25546.3,0.0208,263258.31
2021-05,West,Savings Account,1216,High Yield Savings,323,100.0,9233.05,0.0372,31098.44
2021-05,West,Savings Account,1217,Standard Savings,383,100.0,22255.48,0.029,37189.3
2021-05,West,Investment,1218,WealthBuilder Fund,398,1059.14,25630.59,0.0409,404296.83
2021-05,West,Investment,1219,Retirement Plan,389,980.06,11846.63,0.0534,360884.95
2021-06,North,Credit Card,1220,Platinum Card,385,1594.75,24267.08,0.0652,573947.34
2021-06,North,Credit Card,1221,CashBack Card,359,1281.19,15647.14,0.0303,446010.81
2021-06,North,Credit Card,1222,Student Card,324,171.07,20817.39,0.0357,53447.95
2021-06,North,Mortgage,1223,Home Loan Pro,374,201558.68,17298.39,0.0603,70837354.66
2021-06,North,Mortgage,1224,First Home Loan,349,201397.41,19624.28,0.0384,67588648.56
2021-06,North,Personal Loan,1225,Flexi Loan,328,1063.69,20244.3,0.0508,331166.69
2021-06,North,Personal Loan,1226,Instant Loan,294,537.05,14592.9,0.0535,149445.44
2021-06,North,Savings Account,1227,High Yield Savings,370,1265.4,24014.51,0.0388,450031.92
2021-06,North,Savings Account,1228,Standard Savings,313,432.24,22160.96,0.0272,131611.2
2021-06,North,Investment,1229,WealthBuilder Fund,318,749.68,19073.56,0.0474,227098.16
2021-06,North,Investment,1230,Retirement Plan,314,1734.24,13239.18,0.0633,510081.26
2021-06,South,Credit Card,1231,Platinum Card,347,100.0,25213.04,0.0396,33325.88
2021-06,South,Credit Card,1232,CashBack Card,336,620.87,18982.1,0.0384,200601.61
2021-06,South,Credit Card,1233,Student Card,352,100.0,26192.75,0.0457,33591.36
2021-06,South,Mortgage,1234,Home Loan Pro,340,201031.06,20542.71,0.0593,64297372.17
2021-06,South,Mortgage,1235,First Home Loan,360,202117.86,19282.44,0.0394,69895589.87
2021-06,South,Personal Loan,1236,Flexi Loan,318,1558.33,20380.03,0.0608,465419.56
2021-06,South,Personal Loan,1237,Instant Loan,344,100.0,26245.7,0.044,32886.4
2021-06,South,Savings Account,1238,High Yield Savings,298,1865.32,23820.48,0.0655,519456.18
2021-06,South,Savings Account,1239,Standard Savings,343,100.0,17362.65,0.0572,32338.04
2021-06,South,Investment,1240,WealthBuilder Fund,415,317.97,14127.55,0.0193,129410.77
2021-06,South,Investment,1241,Retirement Plan,352,100.0,14483.17,0.01,34848.0
2021-06,East,Credit Card,1242,Platinum Card,339,1365.3,27010.36,0.0101,458162.05
2021-06,East,Credit Card,1243,CashBack Card,337,2218.34,17807.06,0.0733,692782.92
2021-06,East,Credit Card,1244,Student Card,328,638.61,17749.49,0.0391,201274.03
2021-06,East,Mortgage,1245,Home Loan Pro,369,200981.07,19874.87,0.0664,69237657.05
2021-06,East,Mortgage,1246,First Home Loan,356,197474.28,20319.78,0.0426,67306027.74
2021-06,East,Personal Loan,1247,Flexi Loan,291,100.0,19459.81,0.0486,27685.74
2021-06,East,Personal Loan,1248,Instant Loan,406,1064.47,10122.67,0.0312,418690.97
2021-06,East,Savings Account,1249,High Yield Savings,308,855.91,15167.41,0.0583,248251.22
2021-06,East,Savings Account,1250,Standard Savings,274,920.92,12598.58,0.0629,236460.39
2021-06,East,Investment,1251,WealthBuilder Fund,297,2374.31,16932.99,0.044,674142.59
2021-06,East,Investment,1252,Retirement Plan,313,100.0,23130.38,0.0353,30195.11
2021-06,West,Credit Card,1253,Platinum Card,318,298.33,14780.14,0.0458,90523.94
2021-06,West,Credit Card,1254,CashBack Card,422,100.0,10990.1,0.0608,39634.24
2021-06,West,Credit Card,1255,Student Card,315,1759.16,18836.64,0.0291,538010.06
2021-06,West,Mortgage,1256,Home Loan Pro,402,200108.85,14406.84,0.0301,78022400.59
2021-06,West,Mortgage,1257,First Home Loan,353,199969.06,16565.42,0.0408,67709043.79
2021-06,West,Personal Loan,1258,Flexi Loan,358,100.0,17775.27,0.0325,34636.5
2021-06,West,Personal Loan,1259,Instant Loan,378,100.0,16654.64,0.0708,35123.76
2021-06,West,Savings Account,1260,High Yield Savings,338,1325.18,19166.38,0.0662,418259.14
2021-06,West,Savings Account,1261,Standard Savings,325,289.55,21382.72,0.066,87892.9
2021-06,West,Investment,1262,WealthBuilder Fund,393,969.88,21296.09,0.0659,356044.21
2021-06,West,Investment,1263,Retirement Plan,333,2227.75,13264.37,0.0306,719140.42
2021-07,North,Credit Card,1264,Platinum Card,298,389.11,25972.66,0.0749,107269.77
2021-07,North,Credit Card,1265,CashBack Card,328,100.0,23035.66,0.0762,30300.64
2021-07,North,Credit Card,1266,Student Card,342,138.62,15597.69,0.0692,44127.4
2021-07,North,Mortgage,1267,Home Loan Pro,381,199947.14,20285.07,0.0554,71959496.08
2021-07,North,Mortgage,1268,First Home Loan,335,198926.37,21821.37,0.0334,64414546.8
2021-07,North,Personal Loan,1269,Flexi Loan,382,1201.7,17442.75,0.0348,443074.48
2021-07,North,Personal Loan,1270,Instant Loan,382,1307.41,24078.69,0.0672,465868.88
2021-07,North,Savings Account,1271,High Yield Savings,368,416.92,24187.81,0.0337,148256.08
2021-07,North,Savings Account,1272,Standard Savings,304,2124.8,16003.03,0.0559,609831.2
2021-07,North,Investment,1273,WealthBuilder Fund,396,100.0,24063.45,0.0616,37160.64
2021-07,North,Investment,1274,Retirement Plan,371,100.0,11136.95,0.0661,34647.69
2021-07,South,Credit Card,1275,Platinum Card,328,1852.17,23766.71,0.0576,572519.08
2021-07,South,Credit Card,1276,CashBack Card,314,749.53,19901.88,0.0666,219677.95
2021-07,South,Credit Card,1277,Student Card,383,100.0,28349.52,0.0579,36082.43
2021-07,South,Mortgage,1278,Home Loan Pro,346,200686.57,8933.86,0.0739,64306118.04
2021-07,South,Mortgage,1279,First Home Loan,397,200083.08,12750.72,0.0279,77216802.54
2021-07,South,Personal Loan,1280,Flexi Loan,334,100.0,20029.26,0.0813,30684.58
2021-07,South,Personal Loan,1281,Instant Loan,340,100.0,12908.17,0.0148,33496.8
2021-07,South,Savings Account,1282,High Yield Savings,347,606.02,17940.87,0.0211,205851.84
2021-07,South,Savings Account,1283,Standard Savings,325,100.0,20632.25,0.0362,31323.5
2021-07,South,Investment,1284,WealthBuilder Fund,326,2024.06,22962.63,0.0656,616557.82
2021-07,South,Investment,1285,Retirement Plan,321,448.81,25338.0,0.067,134415.45
2021-07,East,Credit Card,1286,Platinum Card,362,568.2,15569.79,0.0331,198880.11
2021-07,East,Credit Card,1287,CashBack Card,331,864.76,14879.07,0.0871,261304.44
2021-07,East,Credit Card,1288,Student Card,397,1850.09,24378.58,0.0571,692546.59
2021-07,East,Mortgage,1289,Home Loan Pro,374,200048.67,17361.12,0.0654,69925092.13
2021-07,East,Mortgage,1290,First Home Loan,319,199533.96,12026.48,0.0603,59813157.85
2021-07,East,Personal Loan,1291,Flexi Loan,367,467.3,17566.21,0.0528,162443.95
2021-07,East,Personal Loan,1292,Instant Loan,350,1900.18,23890.55,0.0571,627087.9
2021-07,East,Savings Account,1293,High Yield Savings,301,100.0,18404.96,0.0496,28607.04
2021-07,East,Savings Account,1294,Standard Savings,374,122.02,15865.6,0.0455,43559.07
2021-07,East,Investment,1295,WealthBuilder Fund,376,1367.37,17369.61,0.0497,488578.8
2021-07,East,Investment,1296,Retirement Plan,310,831.2,20554.78,0.0657,240742.95
2021-07,West,Credit Card,1297,Platinum Card,349,108.87,12187.27,0.0394,36498.6
2021-07,West,Credit Card,1298,CashBack Card,376,442.72,14679.83,0.0561,157124.16
2021-07,West,Credit Card,1299,Student Card,383,868.6,17866.21,0.0392,319632.99
2021-07,West,Mortgage,1300,Home Loan Pro,319,198984.18,20308.4,0.0586,59756262.55
2021-07,West,Mortgage,1301,First Home Loan,283,200693.11,13310.63,0.061,53331584.97
2021-07,West,Personal Loan,1302,Flexi Loan,324,551.62,30050.05,0.0854,163461.78
2021-07,West,Personal Loan,1303,Instant Loan,341,100.0,18487.67,0.0337,32950.83
2021-07,West,Savings Account,1304,High Yield Savings,320,517.26,15233.36,0.0525,156833.23
2021-07,West,Savings Account,1305,Standard Savings,369,2624.68,17512.51,0.0362,933446.97
2021-07,West,Investment,1306,WealthBuilder Fund,365,938.96,16320.71,0.0517,325001.76
2021-07,West,Investment,1307,Retirement Plan,351,1881.28,8979.81,0.0293,640981.63
2021-08,North,Credit Card,1308,Platinum Card,283,1113.27,12808.61,0.0684,293505.62
2021-08,North,Credit Card,1309,CashBack Card,358,331.86,14291.18,0.0607,111594.36
2021-08,North,Credit Card,1310,Student Card,385,1982.57,23281.8,0.0667,712378.04
2021-08,North,Mortgage,1311,Home Loan Pro,366,199572.24,32718.34,0.0537,69121007.12
2021-08,North,Mortgage,1312,First Home Loan,315,199140.66,25711.93,0.0498,59605388.37
2021-08,North,Personal Loan,1313,Flexi Loan,310,1303.12,14054.94,0.0449,385829.07
2021-08,North,Personal Loan,1314,Instant Loan,334,476.0,13713.94,0.0597,149492.66
2021-08,North,Savings Account,1315,High Yield Savings,285,764.58,21383.55,0.0646,203828.62
2021-08,North,Savings Account,1316,Standard Savings,375,501.64,24963.44,0.0609,176658.8
2021-08,North,Investment,1317,WealthBuilder Fund,402,160.12,24285.46,0.0466,61368.68
2021-08,North,Investment,1318,Retirement Plan,387,2217.16,27606.58,0.07,797978.06
2021-08,South,Credit Card,1319,Platinum Card,333,568.38,18412.13,0.0365,182362.17
2021-08,South,Credit Card,1320,CashBack Card,281,490.8,23887.66,0.0775,127226.4
2021-08,South,Credit Card,1321,Student Card,363,2012.55,27289.78,0.0397,701552.59
2021-08,South,Mortgage,1322,Home Loan Pro,335,200634.72,25548.5,0.0582,63300856.06
2021-08,South,Mortgage,1323,First Home Loan,399,199758.74,12195.55,0.0214,77998077.28
2021-08,South,Personal Loan,1324,Flexi Loan,346,1252.94,19682.77,0.0462,413488.74
2021-08,South,Personal Loan,1325,Instant Loan,376,100.0,22704.35,0.0677,35054.48
2021-08,South,Savings Account,1326,High Yield Savings,324,1367.29,29190.92,0.0455,422845.37
2021-08,South,Savings Account,1327,Standard Savings,388,650.68,23727.02,0.0323,244309.26
2021-08,South,Investment,1328,WealthBuilder Fund,396,1428.31,24495.68,0.068,527149.23
2021-08,South,Investment,1329,Retirement Plan,374,1214.45,17475.85,0.0659,424272.24
2021-08,East,Credit Card,1330,Platinum Card,345,2860.68,24296.55,0.0338,953576.21
2021-08,East,Credit Card,1331,CashBack Card,371,284.53,21325.78,0.0628,98931.42
2021-08,East,Credit Card,1332,Student Card,349,100.0,19450.31,0.0303,33842.53
2021-08,East,Mortgage,1333,Home Loan Pro,347,199531.42,20377.17,0.018,67991129.49
2021-08,East,Mortgage,1334,First Home Loan,318,199792.37,11250.11,0.0681,59207310.05
2021-08,East,Personal Loan,1335,Flexi Loan,387,784.5,18899.03,0.01,300565.48
2021-08,East,Personal Loan,1336,Instant Loan,366,1082.44,12712.24,0.0438,378820.66
2021-08,East,Savings Account,1337,High Yield Savings,378,247.84,17457.72,0.0477,89214.82
2021-08,East,Savings Account,1338,Standard Savings,336,113.78,21343.31,0.0521,36238.29
2021-08,East,Investment,1339,WealthBuilder Fund,333,100.0,19679.65,0.0382,32027.94
2021-08,East,Investment,1340,Retirement Plan,371,100.0,12079.32,0.0553,35048.37
2021-08,West,Credit Card,1341,Platinum Card,349,1508.73,23439.32,0.0584,495796.44
2021-08,West,Credit Card,1342,CashBack Card,402,291.71,21714.08,0.0334,113350.69
2021-08,West,Credit Card,1343,Student Card,320,100.0,24598.74,0.0523,30326.4
2021-08,West,Mortgage,1344,Home Loan Pro,335,200168.65,22209.7,0.0282,65165504.51
2021-08,West,Mortgage,1345,First Home Loan,386,201410.93,18493.72,0.0437,74347179.13
2021-08,West,Personal Loan,1346,Flexi Loan,399,1058.35,16276.08,0.0161,415482.92
2021-08,West,Personal Loan,1347,Instant Loan,388,354.43,19126.81,0.0203,134727.21
2021-08,West,Savings Account,1348,High Yield Savings,338,353.77,28876.55,0.0261,116453.37
2021-08,West,Savings Account,1349,Standard Savings,349,1919.15,17190.57,0.0234,654110.42
2021-08,West,Investment,1350,WealthBuilder Fund,337,100.0,16534.07,0.0133,33251.79
2021-08,West,Investment,1351,Retirement Plan,337,2171.25,26985.4,0.1117,649979.1
2021-09,North,Credit Card,1352,Platinum Card,317,691.97,23898.3,0.0762,202639.68
2021-09,North,Credit Card,1353,CashBack Card,302,2395.68,25551.51,0.0263,704467.43
2021-09,North,Credit Card,1354,Student Card,360,973.59,21400.81,0.0338,338645.76
2021-09,North,Mortgage,1355,Home Loan Pro,357,200424.06,14426.26,0.052,67830717.17
2021-09,North,Mortgage,1356,First Home Loan,337,198232.7,12745.13,0.0332,64586513.16
2021-09,North,Personal Loan,1357,Flexi Loan,335,556.38,19532.83,0.0546,176210.55
2021-09,North,Personal Loan,1358,Instant Loan,397,892.7,22238.58,0.0186,347810.02
2021-09,North,Savings Account,1359,High Yield Savings,350,100.0,13659.82,0.0525,33162.5
2021-09,North,Savings Account,1360,Standard Savings,288,100.0,15632.95,0.0248,28085.76
2021-09,North,Investment,1361,WealthBuilder Fund,315,134.96,17390.49,0.0613,39906.39
2021-09,North,Investment,1362,Retirement Plan,396,2100.96,29791.74,0.0254,810847.86
2021-09,South,Credit Card,1363,Platinum Card,311,1496.7,22618.8,0.0554,439686.46
2021-09,South,Credit Card,1364,CashBack Card,375,1265.89,28845.58,0.0428,454391.22
2021-09,South,Credit Card,1365,Student Card,361,1280.12,20093.9,0.0631,432963.34
2021-09,South,Mortgage,1366,Home Loan Pro,342,198226.97,26309.61,0.0319,65631007.14
2021-09,South,Mortgage,1367,First Home Loan,388,199346.23,18890.87,0.0635,72434844.83
2021-09,South,Personal Loan,1368,Flexi Loan,402,2193.96,18315.51,0.0583,830552.96
2021-09,South,Personal Loan,1369,Instant Loan,414,2491.92,13076.77,0.0693,960161.2
2021-09,South,Savings Account,1370,High Yield Savings,352,1593.56,5298.06,0.0631,525538.24
2021-09,South,Savings Account,1371,Standard Savings,363,1194.74,31198.72,0.0592,408016.14
2021-09,South,Investment,1372,WealthBuilder Fund,347,105.65,16580.2,0.0393,35219.79
2021-09,South,Investment,1373,Retirement Plan,355,1856.62,22333.63,0.0597,619751.82
2021-09,East,Credit Card,1374,Platinum Card,386,973.48,15590.63,0.0467,358215.13
2021-09,East,Credit Card,1375,CashBack Card,393,255.1,30547.22,0.0657,93667.59
2021-09,East,Credit Card,1376,Student Card,348,1030.19,23043.04,0.0407,343914.92
2021-09,East,Mortgage,1377,Home Loan Pro,315,199780.56,14169.96,0.0486,59872435.81
2021-09,East,Mortgage,1378,First Home Loan,341,199230.86,15300.48,0.0666,63413070.89
2021-09,East,Personal Loan,1379,Flexi Loan,355,806.17,12613.36,0.0552,270392.64
2021-09,East,Personal Loan,1380,Instant Loan,268,145.33,21675.19,0.0502,36993.23
2021-09,East,Savings Account,1381,High Yield Savings,368,2003.71,30260.83,0.0664,688404.23
2021-09,East,Savings Account,1382,Standard Savings,353,1236.58,26848.54,0.0269,424770.55
2021-09,East,Investment,1383,WealthBuilder Fund,345,1065.27,16526.43,0.0418,352155.89
2021-09,East,Investment,1384,Retirement Plan,381,129.73,18931.44,0.0612,46402.19
2021-09,West,Credit Card,1385,Platinum Card,391,384.37,15707.75,0.0725,139392.74
2021-09,West,Credit Card,1386,CashBack Card,292,2069.61,20948.14,0.0672,563715.4
2021-09,West,Credit Card,1387,Student Card,405,1151.4,21952.32,0.0479,443980.42
2021-09,West,Mortgage,1388,Home Loan Pro,361,200738.08,20554.45,0.0592,68176433.22
2021-09,West,Mortgage,1389,First Home Loan,290,200903.48,17100.31,0.0334,56316058.09
2021-09,West,Personal Loan,1390,Flexi Loan,301,382.35,18419.64,0.0623,107917.41
2021-09,West,Personal Loan,1391,Instant Loan,307,2203.88,24915.41,0.0438,646956.47
2021-09,West,Savings Account,1392,High Yield Savings,376,713.61,21637.1,0.01,265634.19
2021-09,West,Savings Account,1393,Standard Savings,348,2338.62,25195.56,0.0485,774368.53
2021-09,West,Investment,1394,WealthBuilder Fund,328,901.56,17830.17,0.0528,280098.1
2021-09,West,Investment,1395,Retirement Plan,318,660.09,15607.59,0.0217,205353.6
2021-10,North,Credit Card,1396,Platinum Card,273,100.0,20506.78,0.0284,26524.68
2021-10,North,Credit Card,1397,CashBack Card,408,1788.55,18857.0,0.0301,707763.58
2021-10,North,Credit Card,1398,Student Card,316,745.1,22218.07,0.0623,220782.97
2021-10,North,Mortgage,1399,Home Loan Pro,320,200367.39,25268.06,0.0355,61841391.25
2021-10,North,Mortgage,1400,First Home Loan,372,200231.65,25489.21,0.0462,71044912.57
2021-10,North,Personal Loan,1401,Flexi Loan,299,308.38,20509.28,0.081,84736.96
2021-10,North,Personal Loan,1402,Instant Loan,307,2882.36,23931.56,0.0706,822411.67
2021-10,North,Savings Account,1403,High Yield Savings,316,1131.1,23351.1,0.0635,334730.95
2021-10,North,Savings Account,1404,Standard Savings,301,1297.89,22831.4,0.053,369959.65
2021-10,North,Investment,1405,WealthBuilder Fund,342,1635.73,20104.43,0.0546,528875.35
2021-10,North,Investment,1406,Retirement Plan,363,337.87,17010.96,0.0568,115680.47
2021-10,South,Credit Card,1407,Platinum Card,325,100.0,20106.91,0.0576,30628.0
2021-10,South,Credit Card,1408,CashBack Card,401,189.14,13712.11,0.0453,72409.36
2021-10,South,Credit Card,1409,Student Card,343,1466.36,14554.6,0.0469,479372.59
2021-10,South,Mortgage,1410,Home Loan Pro,357,200455.62,19260.72,0.0522,67827085.68
2021-10,South,Mortgage,1411,First Home Loan,409,200411.79,8940.69,0.0807,75353570.45
2021-10,South,Personal Loan,1412,Flexi Loan,350,1953.67,19776.18,0.0332,661082.85
2021-10,South,Personal Loan,1413,Instant Loan,335,1402.82,20239.81,0.0566,443345.83
2021-10,South,Savings Account,1414,High Yield Savings,305,494.34,17137.07,0.0607,141621.74
2021-10,South,Savings Account,1415,Standard Savings,335,1759.39,22129.44,0.0504,559690.11
2021-10,South,Investment,1416,WealthBuilder Fund,321,270.92,25239.56,0.0452,83034.49
2021-10,South,Investment,1417,Retirement Plan,357,100.0,23092.44,0.0459,34061.37
2021-10,East,Credit Card,1418,Platinum Card,372,510.05,22343.03,0.0778,174976.94
2021-10,East,Credit Card,1419,CashBack Card,379,1066.1,30498.61,0.0451,385829.16
2021-10,East,Credit Card,1420,Student Card,302,992.8,23075.15,0.01,296827.34
2021-10,East,Mortgage,1421,Home Loan Pro,400,202000.37,10667.3,0.0702,75127977.61
2021-10,East,Mortgage,1422,First Home Loan,399,198159.67,28050.86,0.0339,76385380.82
2021-10,East,Personal Loan,1423,Flexi Loan,382,1746.09,20529.47,0.0617,625852.09
2021-10,East,Personal Loan,1424,Instant Loan,395,1926.24,17632.14,0.0456,726169.37
2021-10,East,Savings Account,1425,High Yield Savings,331,100.0,27055.25,0.0419,31713.11
2021-10,East,Savings Account,1426,Standard Savings,391,139.99,14849.93,0.0414,52470.02
2021-10,East,Investment,1427,WealthBuilder Fund,321,1086.36,19455.12,0.0707,324066.95
2021-10,East,Investment,1428,Retirement Plan,335,2235.78,14644.73,0.0636,701350.77
2021-10,West,Credit Card,1429,Platinum Card,366,2192.51,19164.02,0.0633,751663.03
2021-10,West,Credit Card,1430,CashBack Card,361,324.29,20170.76,0.0283,113755.65
2021-10,West,Credit Card,1431,Student Card,331,100.0,17031.02,0.0307,32083.83
2021-10,West,Mortgage,1432,Home Loan Pro,352,199748.27,25668.12,0.0288,68286422.98
2021-10,West,Mortgage,1433,First Home Loan,388,198801.72,18206.95,0.0335,74551042.6
2021-10,West,Personal Loan,1434,Flexi Loan,338,2738.9,24894.29,0.0517,877887.02
2021-10,West,Personal Loan,1435,Instant Loan,319,191.73,23876.4,0.0221,59810.19
2021-10,West,Savings Account,1436,High Yield Savings,346,2051.95,15009.7,0.0423,679942.77
2021-10,West,Savings Account,1437,Standard Savings,336,1250.2,19756.97,0.059,395283.24
2021-10,West,Investment,1438,WealthBuilder Fund,318,1816.07,19628.95,0.0717,536102.77
2021-10,West,Investment,1439,Retirement Plan,362,1924.16,17208.49,0.028,677042.63
2021-11,North,Credit Card,1440,Platinum Card,294,1311.7,17756.16,0.0358,371833.9
2021-11,North,Credit Card,1441,CashBack Card,391,2876.17,22270.92,0.0393,1080386.38
2021-11,North,Credit Card,1442,Student Card,394,600.85,21499.25,0.0597,222601.83
2021-11,North,Mortgage,1443,Home Loan Pro,407,201247.9,24451.92,0.0615,76870559.74
2021-11,North,Mortgage,1444,First Home Loan,384,198221.65,16725.27,0.0293,73886882.17
2021-11,North,Personal Loan,1445,Flexi Loan,382,951.79,14414.29,0.0298,352748.98
2021-11,North,Personal Loan,1446,Instant Loan,394,1683.57,13170.22,0.0742,614107.75
2021-11,North,Savings Account,1447,High Yield Savings,406,1261.25,18038.43,0.0415,490816.7
2021-11,North,Savings Account,1448,Standard Savings,288,2217.75,15657.79,0.0363,615526.75
2021-11,North,Investment,1449,WealthBuilder Fund,333,848.44,17448.33,0.0542,267217.37
2021-11,North,Investment,1450,Retirement Plan,316,2387.26,25733.12,0.0263,734534.12
2021-11,South,Credit Card,1451,Platinum Card,315,1520.97,15181.21,0.0309,464301.19
2021-11,South,Credit Card,1452,CashBack Card,386,1404.91,19788.32,0.0523,513933.22
2021-11,South,Credit Card,1453,Student Card,331,100.0,14458.71,0.0168,32543.92
2021-11,South,Mortgage,1454,Home Loan Pro,376,200742.75,26823.99,0.0874,68882385.45
2021-11,South,Mortgage,1455,First Home Loan,369,200489.26,17266.6,0.0446,70681004.99
2021-11,South,Personal Loan,1456,Flexi Loan,370,2189.91,25068.38,0.0185,795276.77
2021-11,South,Personal Loan,1457,Instant Loan,316,1926.06,30776.66,0.0304,590132.46
2021-11,South,Savings Account,1458,High Yield Savings,333,100.0,27703.93,0.0514,31588.38
2021-11,South,Savings Account,1459,Standard Savings,407,1722.59,18073.08,0.0584,660150.23
2021-11,South,Investment,1460,WealthBuilder Fund,327,1728.05,18385.88,0.0552,533880.36
2021-11,South,Investment,1461,Retirement Plan,319,1297.13,28747.92,0.0776,381674.8
2021-11,East,Credit Card,1462,Platinum Card,390,1587.14,14357.63,0.0305,600105.57
2021-11,East,Credit Card,1463,CashBack Card,299,100.0,22039.38,0.0591,28132.91
2021-11,East,Credit Card,1464,Student Card,375,100.0,20462.7,0.0421,35921.25
2021-11,East,Mortgage,1465,Home Loan Pro,322,201469.8,16070.07,0.0224,63420114.23
2021-11,East,Mortgage,1466,First Home Loan,381,199579.6,26813.09,0.0566,71735973.36
2021-11,East,Personal Loan,1467,Flexi Loan,355,1894.37,18017.82,0.0779,620113.49
2021-11,East,Personal Loan,1468,Instant Loan,357,309.61,20020.47,0.0659,103246.79
2021-11,East,Savings Account,1469,High Yield Savings,351,983.46,19856.46,0.0469,329004.84
2021-11,East,Savings Account,1470,Standard Savings,359,1790.37,21700.26,0.0614,603278.42
2021-11,East,Investment,1471,WealthBuilder Fund,342,1968.18,19479.38,0.0656,628961.05
2021-11,East,Investment,1472,Retirement Plan,363,2048.97,17665.98,0.0366,716553.9
2021-11,West,Credit Card,1473,Platinum Card,348,2005.54,18851.0,0.033,674896.3
2021-11,West,Credit Card,1474,CashBack Card,324,2447.59,20530.87,0.0435,758522.83
2021-11,West,Credit Card,1475,Student Card,383,1802.92,18163.86,0.0133,681334.47
2021-11,West,Mortgage,1476,Home Loan Pro,317,201594.86,17667.25,0.052,60582480.95
2021-11,West,Mortgage,1477,First Home Loan,348,201120.74,15058.66,0.0143,68989160.27
2021-11,West,Personal Loan,1478,Flexi Loan,321,2118.88,29169.61,0.0449,649621.27
2021-11,West,Personal Loan,1479,Instant Loan,336,662.47,13111.91,0.0387,213975.69
2021-11,West,Savings Account,1480,High Yield Savings,352,1536.38,21832.83,0.0331,522905.09
2021-11,West,Savings Account,1481,Standard Savings,410,2719.85,25076.14,0.0452,1064734.24
2021-11,West,Investment,1482,WealthBuilder Fund,383,957.8,29657.2,0.048,349229.2
2021-11,West,Investment,1483,Retirement Plan,342,1724.41,20191.19,0.021,577363.51
2021-12,North,Credit Card,1484,Platinum Card,312,1418.86,24319.4,0.0687,412271.91
2021-12,North,Credit Card,1485,CashBack Card,300,776.65,26222.49,0.0526,220739.46
2021-12,North,Credit Card,1486,Student Card,368,1266.28,10956.26,0.0766,430296.13
2021-12,North,Mortgage,1487,Home Loan Pro,305,200043.87,19077.08,0.036,58816898.66
2021-12,North,Mortgage,1488,First Home Loan,305,198661.84,19564.01,0.0633,56756396.39
2021-12,North,Personal Loan,1489,Flexi Loan,383,1463.67,26000.39,0.0402,538050.07
2021-12,North,Personal Loan,1490,Instant Loan,385,1151.01,18583.66,0.0809,407288.92
2021-12,North,Savings Account,1491,High Yield Savings,368,1811.14,26446.98,0.0694,620244.45
2021-12,North,Savings Account,1492,Standard Savings,399,236.88,21244.65,0.0168,92927.27
2021-12,North,Investment,1493,WealthBuilder Fund,363,2819.64,20419.13,0.0782,943489.33
2021-12,North,Investment,1494,Retirement Plan,341,199.02,27532.11,0.0254,66142.03
2021-12,South,Credit Card,1495,Platinum Card,309,2307.48,22707.04,0.0788,656826.03
2021-12,South,Credit Card,1496,CashBack Card,393,206.87,25304.07,0.0828,74568.28
2021-12,South,Credit Card,1497,Student Card,350,344.42,16209.57,0.0363,116171.14
2021-12,South,Mortgage,1498,Home Loan Pro,339,200379.28,28045.37,0.0292,65945061.5
2021-12,South,Mortgage,1499,First Home Loan,358,200240.42,16710.83,0.0671,66875935.04
2021-12,South,Personal Loan,1500,Flexi Loan,347,186.99,23669.95,0.0759,59960.72
2021-12,South,Personal Loan,1501,Instant Loan,324,1114.35,12370.35,0.0624,338519.92
2021-12,South,Savings Account,1502,High Yield Savings,311,1349.89,19860.72,0.0633,393241.45
2021-12,South,Savings Account,1503,Standard Savings,320,1697.31,21748.25,0.0187,532982.5
2021-12,South,Investment,1504,WealthBuilder Fund,349,2726.63,20518.99,0.0879,867948.77
2021-12,South,Investment,1505,Retirement Plan,369,276.88,16463.53,0.0525,96804.86
2021-12,East,Credit Card,1506,Platinum Card,386,3449.46,14118.48,0.0285,1293544.05
2021-12,East,Credit Card,1507,CashBack Card,349,100.0,25408.83,0.0238,34069.38
2021-12,East,Credit Card,1508,Student Card,363,1239.59,22420.8,0.0346,434402.17
2021-12,East,Mortgage,1509,Home Loan Pro,303,199599.26,24833.8,0.0566,57055488.39
2021-12,East,Mortgage,1510,First Home Loan,364,201346.06,23995.44,0.0332,70856738.97
2021-12,East,Personal Loan,1511,Flexi Loan,390,1408.67,21838.25,0.01,543887.49
2021-12,East,Personal Loan,1512,Instant Loan,341,1654.49,20029.17,0.0412,540936.83
2021-12,East,Savings Account,1513,High Yield Savings,396,2058.74,20006.9,0.0245,795287.14
2021-12,East,Savings Account,1514,Standard Savings,363,257.52,17573.47,0.0746,86506.17
2021-12,East,Investment,1515,WealthBuilder Fund,367,2685.01,13395.88,0.0947,892081.42
2021-12,East,Investment,1516,Retirement Plan,387,1523.08,26654.34,0.0669,549998.96
2021-12,West,Credit Card,1517,Platinum Card,395,1499.77,21072.84,0.0694,551295.95
2021-12,West,Credit Card,1518,CashBack Card,372,2755.48,27865.1,0.0407,983319.49
2021-12,West,Credit Card,1519,Student Card,325,849.16,21659.71,0.066,257762.52
2021-12,West,Mortgage,1520,Home Loan Pro,339,200629.53,15978.42,0.0679,63395300.09
2021-12,West,Mortgage,1521,First Home Loan,382,199368.42,25962.48,0.0476,72533580.59
2021-12,West,Personal Loan,1522,Flexi Loan,318,794.14,16267.11,0.0465,240793.57
2021-12,West,Personal Loan,1523,Instant Loan,339,100.0,26159.92,0.01,33561.0
2021-12,West,Savings Account,1524,High Yield Savings,298,387.31,25259.48,0.0297,111990.45
2021-12,West,Savings Account,1525,Standard Savings,325,238.81,13228.6,0.0299,75292.61
2021-12,West,Investment,1526,WealthBuilder Fund,363,968.56,15757.86,0.0615,329964.66
2021-12,West,Investment,1527,Retirement Plan,326,100.0,14171.64,0.0504,30956.96
2022-01,North,Credit Card,1528,Platinum Card,367,839.26,25179.24,0.0492,292854.41
2022-01,North,Credit Card,1529,CashBack Card,408,1189.23,28694.26,0.0436,464050.87
2022-01,North,Credit Card,1530,Student Card,343,100.0,22945.7,0.0803,31545.71
2022-01,North,Mortgage,1531,Home Loan Pro,419,200357.84,28513.48,0.0485,79878363.11
2022-01,North,Mortgage,1532,First Home Loan,382,199198.54,21654.05,0.0439,72753322.6
2022-01,North,Personal Loan,1533,Flexi Loan,405,1242.16,18783.08,0.044,480939.51
2022-01,North,Personal Loan,1534,Instant Loan,422,1094.31,28637.41,0.0447,441156.41
2022-01,North,Savings Account,1535,High Yield Savings,375,2002.65,13542.37,0.0558,709088.3
2022-01,North,Savings Account,1536,Standard Savings,385,1213.45,24143.55,0.0812,429243.38
2022-01,North,Investment,1537,WealthBuilder Fund,324,3035.03,17338.44,0.0739,910680.18
2022-01,North,Investment,1538,Retirement Plan,301,100.0,24177.17,0.0527,28513.73
2022-01,South,Credit Card,1539,Platinum Card,304,100.0,22674.09,0.0746,28132.16
2022-01,South,Credit Card,1540,CashBack Card,409,100.0,21249.51,0.03,39673.0
2022-01,South,Credit Card,1541,Student Card,363,216.48,23710.76,0.07,73081.48
2022-01,South,Mortgage,1542,Home Loan Pro,322,200359.74,20843.53,0.0792,59406182.05
2022-01,South,Mortgage,1543,First Home Loan,392,199127.85,17003.17,0.0278,75888101.54
2022-01,South,Personal Loan,1544,Flexi Loan,372,2534.36,19111.82,0.0561,889891.85
2022-01,South,Personal Loan,1545,Instant Loan,296,100.0,18562.76,0.0557,27951.28
2022-01,South,Savings Account,1546,High Yield Savings,382,1131.19,20432.14,0.0676,402903.63
2022-01,South,Savings Account,1547,Standard Savings,325,2556.0,14217.32,0.0621,779113.53
2022-01,South,Investment,1548,WealthBuilder Fund,342,824.44,23343.27,0.052,267296.64
2022-01,South,Investment,1549,Retirement Plan,325,2295.87,15017.04,0.0254,727205.34
2022-01,East,Credit Card,1550,Platinum Card,316,2699.49,25390.02,0.0378,820793.97
2022-01,East,Credit Card,1551,CashBack Card,373,100.0,23385.73,0.0451,35617.77
2022-01,East,Credit Card,1552,Student Card,349,1991.26,25191.89,0.0282,675352.16
2022-01,East,Mortgage,1553,Home Loan Pro,270,198720.63,21643.8,0.0506,50939648.85
2022-01,East,Mortgage,1554,First Home Loan,372,200324.06,14261.54,0.0517,70667837.87
2022-01,East,Personal Loan,1555,Flexi Loan,358,100.0,24123.75,0.0663,33426.46
2022-01,East,Personal Loan,1556,Instant Loan,308,804.32,27393.62,0.0421,237301.1
2022-01,East,Savings Account,1557,High Yield Savings,360,1575.34,25678.1,0.0279,551299.69
2022-01,East,Savings Account,1558,Standard Savings,317,1145.35,23082.18,0.0545,343288.31
2022-01,East,Investment,1559,WealthBuilder Fund,318,1255.05,21597.01,0.0526,378112.93
2022-01,East,Investment,1560,Retirement Plan,302,1911.36,20528.77,0.0753,533765.25
2022-01,West,Credit Card,1561,Platinum Card,399,153.68,20334.07,0.0715,56934.06
2022-01,West,Credit Card,1562,CashBack Card,319,1466.72,22531.83,0.0535,442851.9
2022-01,West,Credit Card,1563,Student Card,390,100.0,21612.33,0.0455,37225.5
2022-01,West,Mortgage,1564,Home Loan Pro,365,200423.34,30403.83,0.0151,72049885.86
2022-01,West,Mortgage,1565,First Home Loan,427,200582.24,10460.96,0.0328,82839341.86
2022-01,West,Personal Loan,1566,Flexi Loan,336,100.0,20629.92,0.0506,31899.84
2022-01,West,Personal Loan,1567,Instant Loan,319,1197.03,22147.82,0.0587,359437.82
2022-01,West,Savings Account,1568,High Yield Savings,306,100.0,20986.63,0.0412,29339.28
2022-01,West,Savings Account,1569,Standard Savings,341,2040.62,26001.31,0.0407,667530.27
2022-01,West,Investment,1570,WealthBuilder Fund,348,1410.76,19065.98,0.0567,463107.93
2022-01,West,Investment,1571,Retirement Plan,358,2957.17,12321.05,0.0718,982654.58
2022-02,North,Credit Card,1572,Platinum Card,338,100.0,18966.94,0.0622,31697.64
2022-02,North,Credit Card,1573,CashBack Card,326,1156.97,23686.26,0.0282,366535.96
2022-02,North,Credit Card,1574,Student Card,358,100.0,26899.19,0.0407,34342.94
2022-02,North,Mortgage,1575,Home Loan Pro,350,199711.2,11193.17,0.056,65984580.48
2022-02,North,Mortgage,1576,First Home Loan,324,200317.45,18335.7,0.0481,61781026.53
2022-02,North,Personal Loan,1577,Flexi Loan,311,470.67,18576.17,0.0374,140903.82
2022-02,North,Personal Loan,1578,Instant Loan,396,100.0,16684.03,0.027,38530.8
2022-02,North,Savings Account,1579,High Yield Savings,340,100.0,17556.56,0.077,31382.0
2022-02,North,Savings Account,1580,Standard Savings,319,1151.88,26274.06,0.0454,350767.5
2022-02,North,Investment,1581,WealthBuilder Fund,325,2164.61,12161.46,0.0417,674162.37
2022-02,North,Investment,1582,Retirement Plan,375,100.0,23798.56,0.0481,35696.25
2022-02,South,Credit Card,1583,Platinum Card,397,1419.61,18806.97,0.0757,520921.77
2022-02,South,Credit Card,1584,CashBack Card,288,2485.22,18791.51,0.01,708585.93
2022-02,South,Credit Card,1585,Student Card,363,100.0,13534.29,0.0614,34071.18
2022-02,South,Mortgage,1586,Home Loan Pro,319,199545.83,21698.01,0.015,62700292.97
2022-02,South,Mortgage,1587,First Home Loan,373,201981.08,25416.37,0.0387,72423325.75
2022-02,South,Personal Loan,1588,Flexi Loan,309,516.44,16939.17,0.0598,150037.08
2022-02,South,Personal Loan,1589,Instant Loan,384,641.97,18059.51,0.0222,241043.81
2022-02,South,Savings Account,1590,High Yield Savings,362,100.0,27062.24,0.0476,34476.88
2022-02,South,Savings Account,1591,Standard Savings,343,1016.13,22367.36,0.0446,332988.04
2022-02,South,Investment,1592,WealthBuilder Fund,305,100.0,18455.46,0.036,29402.0
2022-02,South,Investment,1593,Retirement Plan,376,100.0,19446.67,0.0321,36393.04
2022-02,East,Credit Card,1594,Platinum Card,321,100.0,13889.9,0.0668,29955.72
2022-02,East,Credit Card,1595,CashBack Card,328,1369.62,23365.66,0.01,444743.01
2022-02,East,Credit Card,1596,Student Card,343,1527.54,18692.67,0.0837,480091.92
2022-02,East,Mortgage,1597,Home Loan Pro,387,200341.7,18050.38,0.0532,73407522.84
2022-02,East,Mortgage,1598,First Home Loan,371,198735.86,14532.82,0.0672,68776280.59
2022-02,East,Personal Loan,1599,Flexi Loan,347,1340.51,18122.53,0.0736,430921.42
2022-02,East,Personal Loan,1600,Instant Loan,316,1245.9,5234.62,0.0748,364255.31
2022-02,East,Savings Account,1601,High Yield Savings,394,297.25,31408.26,0.0376,112712.92
2022-02,East,Savings Account,1602,Standard Savings,355,1009.04,30518.66,0.0476,341158.44
2022-02,East,Investment,1603,WealthBuilder Fund,306,1036.81,27347.91,0.0559,299528.81
2022-02,East,Investment,1604,Retirement Plan,285,1283.59,32484.09,0.0472,348556.3
2022-02,West,Credit Card,1605,Platinum Card,339,714.36,25917.47,0.0264,235774.8
2022-02,West,Credit Card,1606,CashBack Card,320,100.0,18280.12,0.0494,30419.2
2022-02,West,Credit Card,1607,Student Card,377,628.53,23807.11,0.0248,231079.31
2022-02,West,Mortgage,1608,Home Loan Pro,310,199153.15,26248.09,0.0656,57687498.04
2022-02,West,Mortgage,1609,First Home Loan,363,199960.98,25976.1,0.0596,68259719.93
2022-02,West,Personal Loan,1610,Flexi Loan,385,2443.29,8967.91,0.0391,903886.58
2022-02,West,Personal Loan,1611,Instant Loan,327,129.74,23583.99,0.01,42000.73
2022-02,West,Savings Account,1612,High Yield Savings,353,827.2,23859.6,0.0588,274831.91
2022-02,West,Savings Account,1613,Standard Savings,368,266.84,24368.3,0.0401,94259.42
2022-02,West,Investment,1614,WealthBuilder Fund,328,1652.65,14311.56,0.0743,501793.46
2022-02,West,Investment,1615,Retirement Plan,304,2734.83,19583.03,0.01,823074.44
2022-03,North,Credit Card,1616,Platinum Card,377,1881.41,23605.68,0.0317,686807.03
2022-03,North,Credit Card,1617,CashBack Card,373,2355.44,26660.95,0.0545,830696.56
2022-03,North,Credit Card,1618,Student Card,362,100.0,17024.48,0.0443,34596.34
2022-03,North,Mortgage,1619,Home Loan Pro,326,199380.93,27092.66,0.01,64348201.35
2022-03,North,Mortgage,1620,First Home Loan,361,198012.66,18712.7,0.0729,66271490.89
2022-03,North,Personal Loan,1621,Flexi Loan,337,965.02,15415.36,0.0565,306837.28
2022-03,North,Personal Loan,1622,Instant Loan,323,1532.01,21808.31,0.0852,452678.93
2022-03,North,Savings Account,1623,High Yield Savings,365,999.69,16228.97,0.071,338979.88
2022-03,North,Savings Account,1624,Standard Savings,342,703.95,18799.24,0.1011,216410.98
2022-03,North,Investment,1625,WealthBuilder Fund,384,357.81,16246.49,0.0491,130652.75
2022-03,North,Investment,1626,Retirement Plan,270,997.6,17053.64,0.0282,261756.27
2022-03,South,Credit Card,1627,Platinum Card,354,1834.75,20192.96,0.0582,611700.51
2022-03,South,Credit Card,1628,CashBack Card,284,480.84,30820.04,0.062,128091.93
2022-03,South,Credit Card,1629,Student Card,339,100.0,14868.15,0.0746,31371.06
2022-03,South,Mortgage,1630,Home Loan Pro,357,198809.8,25436.78,0.0664,66262352.05
2022-03,South,Mortgage,1631,First Home Loan,372,197893.15,17030.94,0.0467,70178372.84
2022-03,South,Personal Loan,1632,Flexi Loan,369,998.85,16389.66,0.0562,347861.7
2022-03,South,Personal Loan,1633,Instant Loan,343,969.61,8625.57,0.0261,323895.99
2022-03,South,Savings Account,1634,High Yield Savings,352,430.35,16169.04,0.0301,146923.56
2022-03,South,Savings Account,1635,Standard Savings,374,1064.76,18987.99,0.0515,377711.9
2022-03,South,Investment,1636,WealthBuilder Fund,309,3165.06,25952.74,0.0543,924897.95
2022-03,South,Investment,1637,Retirement Plan,341,2026.99,29943.84,0.0567,652012.35
2022-03,East,Credit Card,1638,Platinum Card,332,229.26,17798.52,0.0456,72643.51
2022-03,East,Credit Card,1639,CashBack Card,352,100.0,18356.69,0.0105,34830.4
2022-03,East,Credit Card,1640,Student Card,321,3271.45,17978.01,0.0598,987337.35
2022-03,East,Mortgage,1641,Home Loan Pro,363,200569.76,15084.39,0.0176,71525422.8
2022-03,East,Mortgage,1642,First Home Loan,323,202633.54,22658.72,0.0537,61935934.41
2022-03,East,Personal Loan,1643,Flexi Loan,392,1472.66,16625.33,0.0419,553094.57
2022-03,East,Personal Loan,1644,Instant Loan,340,1131.64,17052.16,0.0453,367328.08
2022-03,East,Savings Account,1645,High Yield Savings,342,1807.44,18676.79,0.0227,604112.6
2022-03,East,Savings Account,1646,Standard Savings,380,1252.57,26922.66,0.0589,447941.58
2022-03,East,Investment,1647,WealthBuilder Fund,369,2101.32,22811.72,0.0422,742665.75
2022-03,East,Investment,1648,Retirement Plan,331,2102.93,29676.6,0.078,641776.38
2022-03,West,Credit Card,1649,Platinum Card,339,1554.22,27164.36,0.0211,515763.4
2022-03,West,Credit Card,1650,CashBack Card,347,872.35,17196.96,0.01,299678.4
2022-03,West,Credit Card,1651,Student Card,377,3052.97,18842.58,0.0498,1093651.4
2022-03,West,Mortgage,1652,Home Loan Pro,353,200175.29,13316.37,0.0418,67708210.9
2022-03,West,Mortgage,1653,First Home Loan,392,200131.93,23566.1,0.0484,74654653.48
2022-03,West,Personal Loan,1654,Flexi Loan,349,1319.16,20655.1,0.0433,440452.09
2022-03,West,Personal Loan,1655,Instant Loan,362,100.0,25737.7,0.0354,34918.52
2022-03,West,Savings Account,1656,High Yield Savings,387,100.0,17423.91,0.0806,35580.78
2022-03,West,Savings Account,1657,Standard Savings,302,1664.93,13692.91,0.0601,472590.05
2022-03,West,Investment,1658,WealthBuilder Fund,350,102.51,13439.09,0.0601,33722.2
2022-03,West,Investment,1659,Retirement Plan,383,651.71,21614.87,0.0488,237424.21
2022-04,North,Credit Card,1660,Platinum Card,363,395.34,24128.63,0.0346,138543.03
2022-04,North,Credit Card,1661,CashBack Card,349,2396.96,17246.91,0.0916,759912.06
2022-04,North,Credit Card,1662,Student Card,362,1165.73,17249.34,0.0154,415495.55
2022-04,North,Mortgage,1663,Home Loan Pro,282,201883.28,26840.49,0.0266,55416718.1
2022-04,North,Mortgage,1664,First Home Loan,328,199822.06,22599.32,0.0649,61287983.52
2022-04,North,Personal Loan,1665,Flexi Loan,326,100.0,23394.73,0.0338,31498.12
2022-04,North,Personal Loan,1666,Instant Loan,320,2184.21,15900.67,0.024,682172.47
2022-04,North,Savings Account,1667,High Yield Savings,349,625.94,18009.29,0.0378,210195.53
2022-04,North,Savings Account,1668,Standard Savings,336,444.66,15131.89,0.0667,139440.4
2022-04,North,Investment,1669,WealthBuilder Fund,360,826.85,23202.71,0.0525,282038.53
2022-04,North,Investment,1670,Retirement Plan,304,110.55,18357.59,0.065,31422.73
2022-04,South,Credit Card,1671,Platinum Card,385,100.0,21121.7,0.0681,35878.15
2022-04,South,Credit Card,1672,CashBack Card,332,100.0,15690.58,0.0311,32167.48
2022-04,South,Credit Card,1673,Student Card,299,514.14,22612.81,0.0133,151683.28
2022-04,South,Mortgage,1674,Home Loan Pro,399,199611.28,21996.99,0.0683,74205154.0
2022-04,South,Mortgage,1675,First Home Loan,398,200749.37,26197.92,0.0421,76534532.97
2022-04,South,Personal Loan,1676,Flexi Loan,312,135.28,13949.65,0.0854,38602.85
2022-04,South,Personal Loan,1677,Instant Loan,309,1491.2,15831.82,0.0635,431521.22
2022-04,South,Savings Account,1678,High Yield Savings,340,1336.14,18862.62,0.0335,439068.97
2022-04,South,Savings Account,1679,Standard Savings,290,280.89,14336.68,0.0652,76147.03
2022-04,South,Investment,1680,WealthBuilder Fund,315,1475.27,20993.48,0.0743,430182.09
2022-04,South,Investment,1681,Retirement Plan,360,1480.6,23464.28,0.0647,498529.86
2022-04,East,Credit Card,1682,Platinum Card,296,925.04,22427.75,0.0778,252509.28
2022-04,East,Credit Card,1683,CashBack Card,367,1811.09,26451.31,0.0653,621267.08
2022-04,East,Credit Card,1684,Student Card,368,1821.45,20228.08,0.0593,630545.19
2022-04,East,Mortgage,1685,Home Loan Pro,350,200446.03,18304.39,0.0574,66129149.76
2022-04,East,Mortgage,1686,First Home Loan,424,200154.48,20551.61,0.066,79264376.55
2022-04,East,Personal Loan,1687,Flexi Loan,353,403.01,18113.29,0.0643,133115.05
2022-04,East,Personal Loan,1688,Instant Loan,354,1436.74,18800.01,0.0421,487193.65
2022-04,East,Savings Account,1689,High Yield Savings,406,848.15,19928.23,0.0474,328026.76
2022-04,East,Savings Account,1690,Standard Savings,364,1947.36,16478.37,0.0348,684171.44
2022-04,East,Investment,1691,WealthBuilder Fund,309,1177.92,18981.36,0.0861,332638.84
2022-04,East,Investment,1692,Retirement Plan,360,1539.14,24891.85,0.0255,539961.09
2022-04,West,Credit Card,1693,Platinum Card,384,2694.51,26376.95,0.047,986061.32
2022-04,West,Credit Card,1694,CashBack Card,380,234.72,8012.51,0.059,83931.18
2022-04,West,Credit Card,1695,Student Card,301,1219.31,12237.43,0.068,342055.47
2022-04,West,Mortgage,1696,Home Loan Pro,317,201065.17,27263.08,0.0317,61717175.1
2022-04,West,Mortgage,1697,First Home Loan,423,199163.08,20300.68,0.057,79443961.82
2022-04,West,Personal Loan,1698,Flexi Loan,363,100.0,13733.52,0.01,35937.0
2022-04,West,Personal Loan,1699,Instant Loan,348,1942.55,19092.75,0.0479,643626.65
2022-04,West,Savings Account,1700,High Yield Savings,400,100.0,15648.04,0.0586,37656.0
2022-04,West,Savings Account,1701,Standard Savings,279,1878.2,21011.63,0.0608,492157.52
2022-04,West,Investment,1702,WealthBuilder Fund,401,1793.18,19389.71,0.0408,689727.32
2022-04,West,Investment,1703,Retirement Plan,340,840.64,20644.67,0.0311,276928.67
2022-05,North,Credit Card,1704,Platinum Card,334,1149.42,18558.04,0.0476,365632.34
2022-05,North,Credit Card,1705,CashBack Card,357,1740.41,20637.71,0.0455,593056.02
2022-05,North,Credit Card,1706,Student Card,365,2252.84,17758.88,0.0362,792519.83
2022-05,North,Mortgage,1707,Home Loan Pro,387,198031.08,23520.89,0.0724,71089434.74
2022-05,North,Mortgage,1708,First Home Loan,360,200248.27,11872.0,0.0558,68066789.95
2022-05,North,Personal Loan,1709,Flexi Loan,367,437.31,13304.19,0.0532,151954.55
2022-05,North,Personal Loan,1710,Instant Loan,355,100.0,13857.78,0.01,35145.0
2022-05,North,Savings Account,1711,High Yield Savings,292,913.93,14718.36,0.0288,259181.77
2022-05,North,Savings Account,1712,Standard Savings,346,1316.36,15573.76,0.0536,431047.87
2022-05,North,Investment,1713,WealthBuilder Fund,360,2303.28,16815.7,0.0584,780756.64
2022-05,North,Investment,1714,Retirement Plan,322,2569.87,20343.19,0.0372,796715.21
2022-05,South,Credit Card,1715,Platinum Card,356,109.11,18307.1,0.0816,35673.56
2022-05,South,Credit Card,1716,CashBack Card,354,1034.71,10157.48,0.0631,343174.61
2022-05,South,Credit Card,1717,Student Card,364,1810.8,18896.79,0.0352,635929.78
2022-05,South,Mortgage,1718,Home Loan Pro,321,199320.7,15878.64,0.0659,59765534.54
2022-05,South,Mortgage,1719,First Home Loan,277,200450.74,18000.5,0.0554,52448778.01
2022-05,South,Personal Loan,1720,Flexi Loan,393,2434.54,26919.9,0.0811,879179.83
2022-05,South,Personal Loan,1721,Instant Loan,343,100.0,13753.02,0.0278,33346.46
2022-05,South,Savings Account,1722,High Yield Savings,377,1537.36,24622.05,0.0186,568804.44
2022-05,South,Savings Account,1723,Standard Savings,337,1315.85,23607.65,0.0521,420338.15
2022-05,South,Investment,1724,WealthBuilder Fund,365,512.61,22668.24,0.0782,172471.22
2022-05,South,Investment,1725,Retirement Plan,352,854.92,13424.16,0.0424,288172.33
2022-05,East,Credit Card,1726,Platinum Card,385,634.49,19243.5,0.0221,238880.09
2022-05,East,Credit Card,1727,CashBack Card,333,1591.35,21074.04,0.0214,518579.27
2022-05,East,Credit Card,1728,Student Card,380,100.0,19772.68,0.0595,35739.0
2022-05,East,Mortgage,1729,Home Loan Pro,304,199786.53,11342.84,0.0411,58238892.3
2022-05,East,Mortgage,1730,First Home Loan,311,198902.63,12615.38,0.0352,59681291.06
2022-05,East,Personal Loan,1731,Flexi Loan,313,2191.9,19957.16,0.0102,679066.84
2022-05,East,Personal Loan,1732,Instant Loan,373,856.88,23935.15,0.0559,301749.69
2022-05,East,Savings Account,1733,High Yield Savings,362,898.28,20529.31,0.0665,303553.07
2022-05,East,Savings Account,1734,Standard Savings,345,200.06,10459.99,0.0421,66114.93
2022-05,East,Investment,1735,WealthBuilder Fund,321,2001.63,18152.35,0.0492,610911.09
2022-05,East,Investment,1736,Retirement Plan,337,258.02,26458.18,0.0273,84578.93
2022-05,West,Credit Card,1737,Platinum Card,402,1487.91,17996.05,0.1005,538026.77
2022-05,West,Credit Card,1738,CashBack Card,299,912.56,22741.6,0.069,254028.41
2022-05,West,Credit Card,1739,Student Card,388,940.58,25714.05,0.0748,337647.15
2022-05,West,Mortgage,1740,Home Loan Pro,339,200752.68,14062.67,0.0536,64407402.02
2022-05,West,Mortgage,1741,First Home Loan,282,201214.97,29539.04,0.0485,53990604.4
2022-05,West,Personal Loan,1742,Flexi Loan,403,2249.5,13336.11,0.043,867566.91
2022-05,West,Personal Loan,1743,Instant Loan,368,227.43,21211.74,0.0231,81760.9
2022-05,West,Savings Account,1744,High Yield Savings,356,1096.97,19278.56,0.0434,373572.69
2022-05,West,Savings Account,1745,Standard Savings,318,1359.3,18315.51,0.0551,408440.02
2022-05,West,Investment,1746,WealthBuilder Fund,303,907.06,18802.49,0.0723,254968.31
2022-05,West,Investment,1747,Retirement Plan,321,1186.42,24490.7,0.0285,369986.86
2022-06,North,Credit Card,1748,Platinum Card,316,632.93,16475.89,0.0997,180065.29
2022-06,North,Credit Card,1749,CashBack Card,389,2252.62,21737.81,0.0517,830966.06
2022-06,North,Credit Card,1750,Student Card,321,846.51,9700.98,0.0183,266757.06
2022-06,North,Mortgage,1751,Home Loan Pro,362,199337.02,17390.47,0.0601,67823185.17
2022-06,North,Mortgage,1752,First Home Loan,284,200428.92,23054.49,0.043,54474175.31
2022-06,North,Personal Loan,1753,Flexi Loan,354,1295.43,9674.58,0.0506,435377.96
2022-06,North,Personal Loan,1754,Instant Loan,355,1849.62,17780.71,0.038,631663.73
2022-06,North,Savings Account,1755,High Yield Savings,311,1169.0,31953.83,0.0575,342654.36
2022-06,North,Savings Account,1756,Standard Savings,344,1701.5,23968.04,0.0739,542061.15
2022-06,North,Investment,1757,WealthBuilder Fund,327,850.96,20823.04,0.0492,264573.34
2022-06,North,Investment,1758,Retirement Plan,354,2177.54,18937.11,0.0396,740323.53
2022-06,South,Credit Card,1759,Platinum Card,391,100.0,24461.25,0.0554,36933.86
2022-06,South,Credit Card,1760,CashBack Card,333,1280.53,25080.47,0.0287,414178.34
2022-06,South,Credit Card,1761,Student Card,325,1995.21,16758.45,0.0335,626720.4
2022-06,South,Mortgage,1762,Home Loan Pro,314,199977.7,16555.57,0.0541,59395896.62
2022-06,South,Mortgage,1763,First Home Loan,330,200765.88,20415.95,0.0196,64954186.69
2022-06,South,Personal Loan,1764,Flexi Loan,275,2370.04,11835.61,0.0547,616109.67
2022-06,South,Personal Loan,1765,Instant Loan,348,459.9,17688.24,0.0582,150730.57
2022-06,South,Savings Account,1766,High Yield Savings,353,100.0,21592.61,0.0302,34233.94
2022-06,South,Savings Account,1767,Standard Savings,359,367.12,24549.05,0.0207,129067.9
2022-06,South,Investment,1768,WealthBuilder Fund,283,1563.14,13379.57,0.0481,421090.69
2022-06,South,Investment,1769,Retirement Plan,388,754.12,18015.81,0.0594,275218.21
2022-06,East,Credit Card,1770,Platinum Card,407,1398.44,22186.16,0.0198,557895.61
2022-06,East,Credit Card,1771,CashBack Card,322,100.63,19100.92,0.0532,30679.03
2022-06,East,Credit Card,1772,Student Card,391,1558.65,19129.25,0.0318,590052.21
2022-06,East,Mortgage,1773,Home Loan Pro,360,198781.28,22977.45,0.0382,68827620.64
2022-06,East,Mortgage,1774,First Home Loan,395,199258.81,16778.59,0.0473,74984377.97
2022-06,East,Personal Loan,1775,Flexi Loan,361,627.43,24919.61,0.0579,213387.75
2022-06,East,Personal Loan,1776,Instant Loan,410,411.85,27091.19,0.0283,164079.8
2022-06,East,Savings Account,1777,High Yield Savings,388,3116.75,16207.69,0.0306,1172294.45
2022-06,East,Savings Account,1778,Standard Savings,309,392.35,19313.45,0.0692,112846.61
2022-06,East,Investment,1779,WealthBuilder Fund,317,1207.6,23180.78,0.0175,376110.04
2022-06,East,Investment,1780,Retirement Plan,307,176.79,25443.48,0.0732,50301.63
2022-06,West,Credit Card,1781,Platinum Card,354,1047.07,21906.55,0.0562,349831.53
2022-06,West,Credit Card,1782,CashBack Card,327,234.19,19827.39,0.01,75814.33
2022-06,West,Credit Card,1783,Student Card,409,2319.64,17278.18,0.0686,883649.69
2022-06,West,Mortgage,1784,Home Loan Pro,331,199567.23,23969.09,0.0441,63143650.32
2022-06,West,Mortgage,1785,First Home Loan,332,199753.62,17013.18,0.0402,63652210.13
2022-06,West,Personal Loan,1786,Flexi Loan,359,982.04,18976.89,0.0423,337639.4
2022-06,West,Personal Loan,1787,Instant Loan,387,852.28,21391.74,0.0398,316705.03
2022-06,West,Savings Account,1788,High Yield Savings,373,1675.41,19336.78,0.0139,616241.43
2022-06,West,Savings Account,1789,Standard Savings,399,630.57,26960.82,0.0565,237382.18
2022-06,West,Investment,1790,WealthBuilder Fund,370,2097.3,12171.76,0.01,768240.99
2022-06,West,Investment,1791,Retirement Plan,348,1571.18,23439.5,0.0828,501498.03
2022-07,North,Credit Card,1792,Platinum Card,357,794.77,14134.22,0.0159,279221.54
2022-07,North,Credit Card,1793,CashBack Card,374,1073.93,29117.46,0.0452,383495.25
2022-07,North,Credit Card,1794,Student Card,381,1523.78,26152.8,0.0536,549442.15
2022-07,North,Mortgage,1795,Home Loan Pro,361,200435.08,18397.69,0.0505,68703032.15
2022-07,North,Mortgage,1796,First Home Loan,386,199207.05,23437.33,0.0589,72364869.34
2022-07,North,Personal Loan,1797,Flexi Loan,297,692.1,19972.2,0.0736,190424.95
2022-07,North,Personal Loan,1798,Instant Loan,355,689.63,16994.26,0.0553,231280.18
2022-07,North,Savings Account,1799,High Yield Savings,352,353.68,18018.42,0.0274,121084.19
2022-07,North,Savings Account,1800,Standard Savings,306,937.63,19111.68,0.0788,264305.9
2022-07,North,Investment,1801,WealthBuilder Fund,376,1067.41,20126.05,0.0191,393680.45
2022-07,North,Investment,1802,Retirement Plan,348,1054.35,13282.87,0.0694,341449.98
2022-07,South,Credit Card,1803,Platinum Card,394,2303.43,28157.86,0.0624,850920.21
2022-07,South,Credit Card,1804,CashBack Card,330,1537.16,12145.36,0.037,488494.08
2022-07,South,Credit Card,1805,Student Card,318,1376.91,23797.57,0.0442,418504.08
2022-07,South,Mortgage,1806,Home Loan Pro,312,199425.05,18237.78,0.0429,59551351.19
2022-07,South,Mortgage,1807,First Home Loan,324,199755.32,19514.34,0.0101,64067044.37
2022-07,South,Personal Loan,1808,Flexi Loan,302,2522.3,20383.67,0.0942,689979.2
2022-07,South,Personal Loan,1809,Instant Loan,356,1352.69,23799.61,0.0806,442744.09
2022-07,South,Savings Account,1810,High Yield Savings,341,1330.2,19973.16,0.0356,437450.1
2022-07,South,Savings Account,1811,Standard Savings,341,100.0,17787.89,0.0432,32626.88
2022-07,South,Investment,1812,WealthBuilder Fund,416,100.0,19553.81,0.0608,39070.72
2022-07,South,Investment,1813,Retirement Plan,323,648.49,17882.01,0.0227,204707.48
2022-07,East,Credit Card,1814,Platinum Card,393,775.62,25105.51,0.0136,300673.13
2022-07,East,Credit Card,1815,CashBack Card,366,485.51,27664.67,0.0507,168687.44
2022-07,East,Credit Card,1816,Student Card,347,100.0,22490.93,0.0629,32517.37
2022-07,East,Mortgage,1817,Home Loan Pro,374,198725.01,14508.81,0.0466,70859694.78
2022-07,East,Mortgage,1818,First Home Loan,333,200931.93,25483.26,0.0717,62112861.84
2022-07,East,Personal Loan,1819,Flexi Loan,368,2604.09,29070.05,0.014,944888.85
2022-07,East,Personal Loan,1820,Instant Loan,356,2772.69,21937.56,0.0412,946410.04
2022-07,East,Savings Account,1821,High Yield Savings,366,948.58,20087.28,0.0231,339160.42
2022-07,East,Savings Account,1822,Standard Savings,315,100.0,22409.79,0.0253,30703.05
2022-07,East,Investment,1823,WealthBuilder Fund,327,835.26,22957.21,0.0636,255758.95
2022-07,East,Investment,1824,Retirement Plan,368,2594.64,19986.4,0.0662,891617.94
2022-07,West,Credit Card,1825,Platinum Card,323,382.54,11288.89,0.0391,118729.21
2022-07,West,Credit Card,1826,CashBack Card,349,1191.49,15532.37,0.1119,369298.63
2022-07,West,Credit Card,1827,Student Card,376,100.0,24443.87,0.0572,35449.28
2022-07,West,Mortgage,1828,Home Loan Pro,409,200995.71,12451.13,0.0442,78573685.14
2022-07,West,Mortgage,1829,First Home Loan,394,198531.13,20729.18,0.0617,73395013.16
2022-07,West,Personal Loan,1830,Flexi Loan,413,1715.73,20597.38,0.0455,676355.35
2022-07,West,Personal Loan,1831,Instant Loan,360,1242.3,28285.71,0.0721,414982.86
2022-07,West,Savings Account,1832,High Yield Savings,330,1752.32,21794.45,0.1093,515061.17
2022-07,West,Savings Account,1833,Standard Savings,329,2075.66,17292.45,0.0486,649703.58
2022-07,West,Investment,1834,WealthBuilder Fund,356,1268.96,21219.86,0.0796,415790.48
2022-07,West,Investment,1835,Retirement Plan,373,810.61,16264.8,0.0509,286967.53
2022-08,North,Credit Card,1836,Platinum Card,359,1835.82,25226.56,0.0432,630588.01
2022-08,North,Credit Card,1837,CashBack Card,307,852.06,20512.42,0.0403,251040.65
2022-08,North,Credit Card,1838,Student Card,401,197.34,19613.91,0.0699,73601.92
2022-08,North,Mortgage,1839,Home Loan Pro,331,200529.31,19099.37,0.0606,62352864.39
2022-08,North,Mortgage,1840,First Home Loan,317,200719.92,13250.07,0.0993,57309932.93
2022-08,North,Personal Loan,1841,Flexi Loan,315,1326.76,21002.26,0.0436,399707.68
2022-08,North,Personal Loan,1842,Instant Loan,387,603.14,13766.11,0.0474,222351.3
2022-08,North,Savings Account,1843,High Yield Savings,324,1565.77,26338.26,0.0558,479001.61
2022-08,North,Savings Account,1844,Standard Savings,381,1747.07,26992.96,0.0811,611650.78
2022-08,North,Investment,1845,WealthBuilder Fund,344,1520.38,24921.16,0.028,508366.42
2022-08,North,Investment,1846,Retirement Plan,316,1107.44,21936.86,0.0565,330178.81
2022-08,South,Credit Card,1847,Platinum Card,387,2283.82,23188.6,0.059,831691.88
2022-08,South,Credit Card,1848,CashBack Card,369,524.14,19653.49,0.0631,181203.64
2022-08,South,Credit Card,1849,Student Card,329,1690.27,22103.5,0.0384,534744.63
2022-08,South,Mortgage,1850,Home Loan Pro,315,199180.27,24216.65,0.0534,59391373.73
2022-08,South,Mortgage,1851,First Home Loan,381,200918.55,17461.33,0.0128,75570127.97
2022-08,South,Personal Loan,1852,Flexi Loan,376,100.0,18542.39,0.0457,35881.68
2022-08,South,Personal Loan,1853,Instant Loan,408,1270.21,21236.56,0.02,507880.77
2022-08,South,Savings Account,1854,High Yield Savings,385,100.0,17046.63,0.0385,37017.75
2022-08,South,Savings Account,1855,Standard Savings,336,723.51,15095.71,0.0507,230774.22
2022-08,South,Investment,1856,WealthBuilder Fund,348,145.41,20465.15,0.0374,48710.14
2022-08,South,Investment,1857,Retirement Plan,342,505.79,25900.64,0.0729,160369.92
2022-08,East,Credit Card,1858,Platinum Card,359,739.23,13807.18,0.027,258218.21
2022-08,East,Credit Card,1859,CashBack Card,297,1033.6,25452.42,0.074,284262.74
2022-08,East,Credit Card,1860,Student Card,393,100.0,16326.47,0.0557,37110.99
2022-08,East,Mortgage,1861,Home Loan Pro,310,200320.37,10894.57,0.038,59739540.74
2022-08,East,Mortgage,1862,First Home Loan,379,200637.17,13308.97,0.0712,70627333.52
2022-08,East,Personal Loan,1863,Flexi Loan,365,926.69,13324.74,0.0282,328703.43
2022-08,East,Personal Loan,1864,Instant Loan,319,100.0,21800.82,0.0392,30649.52
2022-08,East,Savings Account,1865,High Yield Savings,369,1655.4,24094.02,0.0532,578345.77
2022-08,East,Savings Account,1866,Standard Savings,338,313.66,15782.99,0.0544,100249.75
2022-08,East,Investment,1867,WealthBuilder Fund,333,1077.76,17017.94,0.044,343102.74
2022-08,East,Investment,1868,Retirement Plan,344,590.32,18796.81,0.0208,198846.22
2022-08,West,Credit Card,1869,Platinum Card,344,100.0,26313.71,0.0675,32078.0
2022-08,West,Credit Card,1870,CashBack Card,392,811.74,25965.56,0.0704,295800.65
2022-08,West,Credit Card,1871,Student Card,310,1918.91,19015.05,0.0378,572376.31
2022-08,West,Mortgage,1872,Home Loan Pro,351,198864.84,11968.81,0.0305,67672611.3
2022-08,West,Mortgage,1873,First Home Loan,427,200836.3,18274.18,0.0598,80628825.51
2022-08,West,Personal Loan,1874,Flexi Loan,313,100.0,20112.25,0.0447,29900.89
2022-08,West,Personal Loan,1875,Instant Loan,400,2036.52,20769.65,0.0604,765405.68
2022-08,West,Savings Account,1876,High Yield Savings,346,983.39,19470.91,0.0409,326336.59
2022-08,West,Savings Account,1877,Standard Savings,334,2726.23,14224.55,0.0416,872681.49
2022-08,West,Investment,1878,WealthBuilder Fund,360,2837.24,27359.53,0.0369,983716.5
2022-08,West,Investment,1879,Retirement Plan,335,1060.26,9913.31,0.01,351635.23
2022-09,North,Credit Card,1880,Platinum Card,348,2580.54,23392.3,0.0356,866058.13
2022-09,North,Credit Card,1881,CashBack Card,362,1204.07,21835.48,0.0473,415256.53
2022-09,North,Credit Card,1882,Student Card,323,898.14,24668.73,0.0236,283252.88
2022-09,North,Mortgage,1883,Home Loan Pro,341,199828.76,23592.09,0.0468,64952579.94
2022-09,North,Mortgage,1884,First Home Loan,313,198765.15,24787.77,0.0315,60253766.95
2022-09,North,Personal Loan,1885,Flexi Loan,353,1202.94,22341.22,0.0496,403575.78
2022-09,North,Personal Loan,1886,Instant Loan,310,2471.03,16502.52,0.0293,743574.93
2022-09,North,Savings Account,1887,High Yield Savings,345,1665.37,16000.03,0.0446,548927.6
2022-09,North,Savings Account,1888,Standard Savings,333,705.9,21354.18,0.0587,221266.4
2022-09,North,Investment,1889,WealthBuilder Fund,372,491.44,23943.92,0.0553,172705.97
2022-09,North,Investment,1890,Retirement Plan,370,1577.36,19356.7,0.0781,538042.23
2022-09,South,Credit Card,1891,Platinum Card,338,515.88,14279.25,0.0372,167880.97
2022-09,South,Credit Card,1892,CashBack Card,363,1409.64,21784.86,0.0516,485295.64
2022-09,South,Credit Card,1893,Student Card,348,962.11,21147.76,0.049,318408.38
2022-09,South,Mortgage,1894,Home Loan Pro,303,200122.24,17228.85,0.0576,57144345.29
2022-09,South,Mortgage,1895,First Home Loan,387,199867.34,21053.0,0.0402,74239244.42
2022-09,South,Personal Loan,1896,Flexi Loan,369,1982.66,17282.64,0.0726,678487.27
2022-09,South,Personal Loan,1897,Instant Loan,340,1114.85,20110.51,0.0611,355889.11
2022-09,South,Savings Account,1898,High Yield Savings,344,1616.23,20867.43,0.0634,520733.79
2022-09,South,Savings Account,1899,Standard Savings,405,166.5,15658.7,0.052,63926.01
2022-09,South,Investment,1900,WealthBuilder Fund,334,872.32,20401.25,0.0314,282206.34
2022-09,South,Investment,1901,Retirement Plan,378,877.57,23905.87,0.0307,321537.61
2022-09,East,Credit Card,1902,Platinum Card,329,452.98,19506.91,0.0418,142800.95
2022-09,East,Credit Card,1903,CashBack Card,289,100.0,16153.19,0.053,27368.3
2022-09,East,Credit Card,1904,Student Card,363,1452.32,9083.26,0.0767,486756.52
2022-09,East,Mortgage,1905,Home Loan Pro,353,200379.89,21395.42,0.0558,66787138.32
2022-09,East,Mortgage,1906,First Home Loan,355,200398.27,21077.54,0.0541,67292636.88
2022-09,East,Personal Loan,1907,Flexi Loan,374,1800.55,15577.48,0.0396,646738.83
2022-09,East,Personal Loan,1908,Instant Loan,377,1734.63,21845.62,0.0407,627339.52
2022-09,East,Savings Account,1909,High Yield Savings,331,767.98,13022.76,0.0358,245100.97
2022-09,East,Savings Account,1910,Standard Savings,305,666.71,20909.29,0.0265,197957.87
2022-09,East,Investment,1911,WealthBuilder Fund,353,1734.18,13055.61,0.056,577884.27
2022-09,East,Investment,1912,Retirement Plan,338,1554.31,24812.08,0.0592,494255.66
2022-09,West,Credit Card,1913,Platinum Card,324,547.52,19208.47,0.0463,169183.02
2022-09,West,Credit Card,1914,CashBack Card,323,1680.22,19005.75,0.0158,534136.23
2022-09,West,Credit Card,1915,Student Card,373,1332.47,12866.62,0.0527,470818.81
2022-09,West,Mortgage,1916,Home Loan Pro,285,200587.86,23098.69,0.0118,56492963.13
2022-09,West,Mortgage,1917,First Home Loan,315,200092.98,21238.94,0.082,57860887.03
2022-09,West,Personal Loan,1918,Flexi Loan,284,2397.04,24846.91,0.01,673951.77
2022-09,West,Personal Loan,1919,Instant Loan,325,3353.09,19620.14,0.0426,1043330.72
2022-09,West,Savings Account,1920,High Yield Savings,347,322.81,22077.75,0.0445,107030.4
2022-09,West,Savings Account,1921,Standard Savings,302,1268.72,12940.74,0.0452,365834.9
2022-09,West,Investment,1922,WealthBuilder Fund,320,1146.94,17389.34,0.1115,326097.98
2022-09,West,Investment,1923,Retirement Plan,368,2360.12,24343.32,0.0163,854367.22
2022-10,North,Credit Card,1924,Platinum Card,311,100.0,17025.63,0.0456,29681.84
2022-10,North,Credit Card,1925,CashBack Card,305,625.35,15222.57,0.0574,179783.75
2022-10,North,Credit Card,1926,Student Card,357,1053.54,24858.05,0.0673,350801.32
2022-10,North,Mortgage,1927,Home Loan Pro,408,199230.67,17152.75,0.0475,77425022.98
2022-10,North,Mortgage,1928,First Home Loan,371,199701.0,17454.16,0.1039,66391216.52
2022-10,North,Personal Loan,1929,Flexi Loan,331,1827.16,15940.39,0.0445,577876.81
2022-10,North,Personal Loan,1930,Instant Loan,309,799.92,17037.49,0.01,244703.53
2022-10,North,Savings Account,1931,High Yield Savings,376,2754.81,26755.57,0.0759,957190.69
2022-10,North,Savings Account,1932,Standard Savings,382,332.72,16597.09,0.05,120744.09
2022-10,North,Investment,1933,WealthBuilder Fund,340,2766.31,23264.12,0.0676,876964.53
2022-10,North,Investment,1934,Retirement Plan,349,2096.55,9043.73,0.0807,672648.09
2022-10,South,Credit Card,1935,Platinum Card,328,2122.37,29687.77,0.01,689175.99
2022-10,South,Credit Card,1936,CashBack Card,330,1389.17,20003.54,0.0442,438163.67
2022-10,South,Credit Card,1937,Student Card,379,405.88,17139.99,0.0898,140014.72
2022-10,South,Mortgage,1938,Home Loan Pro,411,199614.33,22172.51,0.0548,77545616.0
2022-10,South,Mortgage,1939,First Home Loan,346,201253.13,14400.04,0.0465,66395621.37
2022-10,South,Personal Loan,1940,Flexi Loan,315,100.0,19241.33,0.0605,29594.25
2022-10,South,Personal Loan,1941,Instant Loan,315,871.97,25050.81,0.0258,267584.05
2022-10,South,Savings Account,1942,High Yield Savings,331,705.54,27263.78,0.0806,214710.92
2022-10,South,Savings Account,1943,Standard Savings,384,918.95,25435.51,0.0563,333009.84
2022-10,South,Investment,1944,WealthBuilder Fund,404,100.0,13541.83,0.0555,38157.8
2022-10,South,Investment,1945,Retirement Plan,295,100.0,20962.98,0.0978,26614.9
2022-10,East,Credit Card,1946,Platinum Card,347,2921.93,16714.69,0.0728,940097.08
2022-10,East,Credit Card,1947,CashBack Card,411,100.0,21563.25,0.0856,37581.84
2022-10,East,Credit Card,1948,Student Card,355,576.24,17732.93,0.0141,201680.83
2022-10,East,Mortgage,1949,Home Loan Pro,316,199669.91,25798.82,0.0603,59291021.36
2022-10,East,Mortgage,1950,First Home Loan,410,200057.12,21424.13,0.0389,78832708.19
2022-10,East,Personal Loan,1951,Flexi Loan,392,1021.87,9476.25,0.0908,364201.01
2022-10,East,Personal Loan,1952,Instant Loan,372,3172.95,23491.94,0.0658,1102671.2
2022-10,East,Savings Account,1953,High Yield Savings,339,362.92,22455.33,0.0698,114442.39
2022-10,East,Savings Account,1954,Standard Savings,305,1731.0,22692.17,0.0643,494007.49
2022-10,East,Investment,1955,WealthBuilder Fund,364,3394.36,18673.07,0.0742,1143869.45
2022-10,East,Investment,1956,Retirement Plan,339,985.31,10992.49,0.0367,321761.55
2022-10,West,Credit Card,1957,Platinum Card,413,100.0,22544.95,0.0518,39160.66
2022-10,West,Credit Card,1958,CashBack Card,315,1129.46,10071.68,0.0688,331302.24
2022-10,West,Credit Card,1959,Student Card,336,610.46,21345.11,0.0576,193299.96
2022-10,West,Mortgage,1960,Home Loan Pro,317,199979.44,21445.92,0.0264,61719894.54
2022-10,West,Mortgage,1961,First Home Loan,433,199780.33,13302.58,0.0494,82231541.68
2022-10,West,Personal Loan,1962,Flexi Loan,387,1190.43,16571.16,0.0277,447935.12
2022-10,West,Personal Loan,1963,Instant Loan,318,2522.15,24781.48,0.0965,724646.48
2022-10,West,Savings Account,1964,High Yield Savings,299,999.07,17392.89,0.0372,287609.47
2022-10,West,Savings Account,1965,Standard Savings,395,1147.1,13618.32,0.0334,437970.81
2022-10,West,Investment,1966,WealthBuilder Fund,305,604.81,24850.19,0.0322,178527.21
2022-10,West,Investment,1967,Retirement Plan,358,1719.25,26258.45,0.0648,575607.65
2022-11,North,Credit Card,1968,Platinum Card,381,1246.72,15023.52,0.0968,429020.29
2022-11,North,Credit Card,1969,CashBack Card,347,665.91,18430.02,0.0563,218061.49
2022-11,North,Credit Card,1970,Student Card,358,100.0,17819.22,0.0448,34196.16
2022-11,North,Mortgage,1971,Home Loan Pro,378,199930.37,20954.97,0.0509,71726979.56
2022-11,North,Mortgage,1972,First Home Loan,354,200588.5,23334.36,0.0433,67933668.35
2022-11,North,Personal Loan,1973,Flexi Loan,385,1137.92,26741.93,0.0642,409973.23
2022-11,North,Personal Loan,1974,Instant Loan,317,307.65,16704.8,0.0385,93770.34
2022-11,North,Savings Account,1975,High Yield Savings,358,1536.41,17900.03,0.0442,525723.24
2022-11,North,Savings Account,1976,Standard Savings,373,1746.61,21627.89,0.0955,589268.66
2022-11,North,Investment,1977,WealthBuilder Fund,319,147.78,21216.97,0.01,46670.4
2022-11,North,Investment,1978,Retirement Plan,318,100.0,16628.55,0.101,28588.2
2022-11,South,Credit Card,1979,Platinum Card,365,1650.22,21171.72,0.0691,560709.28
2022-11,South,Credit Card,1980,CashBack Card,390,585.37,15024.13,0.061,214368.35
2022-11,South,Credit Card,1981,Student Card,348,2801.43,10263.8,0.0907,886474.42
2022-11,South,Mortgage,1982,Home Loan Pro,326,200460.05,21132.53,0.0343,63108472.11
2022-11,South,Mortgage,1983,First Home Loan,399,198605.64,5579.23,0.0517,75146753.64
2022-11,South,Personal Loan,1984,Flexi Loan,296,1556.02,17043.58,0.0131,454548.3
2022-11,South,Personal Loan,1985,Instant Loan,387,571.35,23935.69,0.0458,210985.5
2022-11,South,Savings Account,1986,High Yield Savings,411,100.0,26148.78,0.0521,38958.69
2022-11,South,Savings Account,1987,Standard Savings,345,2388.2,20857.99,0.0549,778695.3
2022-11,South,Investment,1988,WealthBuilder Fund,319,155.67,23211.86,0.0506,47146.0
2022-11,South,Investment,1989,Retirement Plan,381,100.0,34678.29,0.0285,37014.15
2022-11,East,Credit Card,1990,Platinum Card,393,794.01,17137.97,0.0418,299002.41
2022-11,East,Credit Card,1991,CashBack Card,330,2608.87,31061.95,0.0578,811165.51
2022-11,East,Credit Card,1992,Student Card,346,426.72,12469.37,0.0281,143496.29
2022-11,East,Mortgage,1993,Home Loan Pro,360,200713.13,17000.89,0.0188,70898300.34
2022-11,East,Mortgage,1994,First Home Loan,372,199834.6,24697.2,0.0444,71037843.08
2022-11,East,Personal Loan,1995,Flexi Loan,378,100.0,12364.79,0.0399,36291.78
2022-11,East,Personal Loan,1996,Instant Loan,301,100.0,24242.45,0.0411,28862.89
2022-11,East,Savings Account,1997,High Yield Savings,383,2220.45,25955.43,0.0336,821857.82
2022-11,East,Savings Account,1998,Standard Savings,376,1874.74,21714.82,0.0888,642306.92
2022-11,East,Investment,1999,WealthBuilder Fund,366,2287.39,30572.07,0.0575,789046.62
2022-11,East,Investment,2000,Retirement Plan,328,3840.89,28168.51,0.0179,1237261.29
2022-11,West,Credit Card,2001,Platinum Card,318,215.84,16794.59,0.0632,64299.25
2022-11,West,Credit Card,2002,CashBack Card,340,2804.83,19272.22,0.0749,882214.4
2022-11,West,Credit Card,2003,Student Card,364,100.0,12519.21,0.0316,35249.76
2022-11,West,Mortgage,2004,Home Loan Pro,370,199101.86,15907.01,0.0363,70993551.12
2022-11,West,Mortgage,2005,First Home Loan,317,198835.11,21420.28,0.0552,59551433.58
2022-11,West,Personal Loan,2006,Flexi Loan,302,3425.39,15829.58,0.078,953779.29
2022-11,West,Personal Loan,2007,Instant Loan,380,1366.65,15077.72,0.041,498034.59
2022-11,West,Savings Account,2008,High Yield Savings,320,854.76,24856.97,0.0582,257604.15
2022-11,West,Savings Account,2009,Standard Savings,325,447.37,11952.4,0.0361,140146.48
2022-11,West,Investment,2010,WealthBuilder Fund,373,579.29,17883.54,0.0486,205573.92
2022-11,West,Investment,2011,Retirement Plan,325,1851.25,17437.33,0.034,581199.94
2022-12,North,Credit Card,2012,Platinum Card,371,2396.33,20258.13,0.0525,842363.91
2022-12,North,Credit Card,2013,CashBack Card,345,450.93,23999.03,0.016,153081.72
2022-12,North,Credit Card,2014,Student Card,298,100.0,20170.15,0.0623,27943.46
2022-12,North,Mortgage,2015,Home Loan Pro,382,200375.46,10008.8,0.0786,70527112.46
2022-12,North,Mortgage,2016,First Home Loan,367,199651.2,10209.12,0.0374,70531617.96
2022-12,North,Personal Loan,2017,Flexi Loan,311,707.37,12781.57,0.0774,202964.68
2022-12,North,Personal Loan,2018,Instant Loan,382,511.11,27944.7,0.0252,190323.87
2022-12,North,Savings Account,2019,High Yield Savings,331,100.0,25257.46,0.0614,31067.66
2022-12,North,Savings Account,2020,Standard Savings,399,842.96,29267.05,0.0589,316530.55
2022-12,North,Investment,2021,WealthBuilder Fund,350,1019.08,20142.33,0.0358,343908.93
2022-12,North,Investment,2022,Retirement Plan,303,1842.3,20115.98,0.077,515234.2
2022-12,South,Credit Card,2023,Platinum Card,402,100.0,20495.93,0.0837,36835.26
2022-12,South,Credit Card,2024,CashBack Card,358,100.0,20964.84,0.0457,34163.94
2022-12,South,Credit Card,2025,Student Card,344,2118.43,12944.72,0.0661,680570.21
2022-12,South,Mortgage,2026,Home Loan Pro,353,200449.47,18349.3,0.0386,68027378.52
2022-12,South,Mortgage,2027,First Home Loan,371,200671.83,21527.82,0.0249,72595462.63
2022-12,South,Personal Loan,2028,Flexi Loan,419,136.58,26140.69,0.0258,55750.56
2022-12,South,Personal Loan,2029,Instant Loan,352,100.0,16179.07,0.0675,32824.0
2022-12,South,Savings Account,2030,High Yield Savings,368,2158.61,20582.81,0.0924,720968.83
2022-12,South,Savings Account,2031,Standard Savings,319,771.8,19146.27,0.01,243742.16
2022-12,South,Investment,2032,WealthBuilder Fund,367,1137.33,27044.61,0.0901,379792.36
2022-12,South,Investment,2033,Retirement Plan,323,795.78,23439.66,0.0377,247346.65
2022-12,East,Credit Card,2034,Platinum Card,341,1208.48,22998.25,0.0774,380195.78
2022-12,East,Credit Card,2035,CashBack Card,355,354.0,21494.71,0.0551,118745.58
2022-12,East,Credit Card,2036,Student Card,348,3014.23,23187.39,0.0205,1027448.52
2022-12,East,Mortgage,2037,Home Loan Pro,388,199204.52,13823.53,0.0508,73364952.99
2022-12,East,Mortgage,2038,First Home Loan,338,201090.18,16259.52,0.0107,67241218.1
2022-12,East,Personal Loan,2039,Flexi Loan,400,978.76,19028.54,0.0421,375021.68
2022-12,East,Personal Loan,2040,Instant Loan,385,830.15,28183.7,0.0463,304809.91
2022-12,East,Savings Account,2041,High Yield Savings,397,980.21,11739.52,0.0362,375056.38
2022-12,East,Savings Account,2042,Standard Savings,326,782.58,25154.78,0.0622,239252.55
2022-12,East,Investment,2043,WealthBuilder Fund,335,1290.2,22154.31,0.0245,421627.68
2022-12,East,Investment,2044,Retirement Plan,308,2581.27,17966.66,0.0602,747170.28
2022-12,West,Credit Card,2045,Platinum Card,273,1618.73,15591.55,0.0765,408106.92
2022-12,West,Credit Card,2046,CashBack Card,295,100.0,7341.15,0.0455,28157.75
2022-12,West,Credit Card,2047,Student Card,413,858.24,18739.62,0.0634,331980.79
2022-12,West,Mortgage,2048,Home Loan Pro,332,198395.75,13401.91,0.0315,63792566.25
2022-12,West,Mortgage,2049,First Home Loan,367,201553.96,14273.15,0.066,69088263.3
2022-12,West,Personal Loan,2050,Flexi Loan,389,1750.25,15751.48,0.0661,635843.25
2022-12,West,Personal Loan,2051,Instant Loan,388,572.58,14721.8,0.0429,212630.33
2022-12,West,Savings Account,2052,High Yield Savings,327,287.93,30585.97,0.0417,90226.93
2022-12,West,Savings Account,2053,Standard Savings,376,1643.51,27256.27,0.0352,596207.58
2022-12,West,Investment,2054,WealthBuilder Fund,303,691.14,10551.48,0.0444,200117.38
2022-12,West,Investment,2055,Retirement Plan,325,100.0,15193.16,0.01,32175.0
2023-01,North,Credit Card,2056,Platinum Card,351,100.0,12057.29,0.0528,33246.72
2023-01,North,Credit Card,2057,CashBack Card,323,914.22,16659.28,0.0539,279376.76
2023-01,North,Credit Card,2058,Student Card,362,1840.36,30180.78,0.0332,644092.14
2023-01,North,Mortgage,2059,Home Loan Pro,379,201216.97,25930.73,0.0808,70099324.11
2023-01,North,Mortgage,2060,First Home Loan,349,201629.3,19426.77,0.0384,67666470.47
2023-01,North,Personal Loan,2061,Flexi Loan,382,939.51,12782.21,0.0637,336031.35
2023-01,North,Personal Loan,2062,Instant Loan,276,1494.23,20147.64,0.0323,399086.72
2023-01,North,Savings Account,2063,High Yield Savings,358,1689.43,24493.35,0.0508,574091.29
2023-01,North,Savings Account,2064,Standard Savings,408,1270.06,18086.35,0.08,476729.72
2023-01,North,Investment,2065,WealthBuilder Fund,336,957.04,19158.08,0.0435,307577.34
2023-01,North,Investment,2066,Retirement Plan,361,1112.46,24276.01,0.0817,368787.5
2023-01,South,Credit Card,2067,Platinum Card,346,1162.86,21757.03,0.0406,386014.17
2023-01,South,Credit Card,2068,CashBack Card,322,1842.66,21358.09,0.0336,573400.41
2023-01,South,Credit Card,2069,Student Card,317,1010.95,23932.03,0.0388,308036.87
2023-01,South,Mortgage,2070,Home Loan Pro,373,201599.05,22815.99,0.0855,68767149.55
2023-01,South,Mortgage,2071,First Home Loan,362,198778.19,19345.37,0.0726,66733575.41
2023-01,South,Personal Loan,2072,Flexi Loan,299,486.34,25310.01,0.0395,139671.74
2023-01,South,Personal Loan,2073,Instant Loan,355,2127.24,20036.81,0.0204,739764.73
2023-01,South,Savings Account,2074,High Yield Savings,346,844.63,10079.78,0.01,289319.56
2023-01,South,Savings Account,2075,Standard Savings,351,100.0,25899.57,0.0914,31891.86
2023-01,South,Investment,2076,WealthBuilder Fund,359,1149.92,20600.6,0.0329,399239.46
2023-01,South,Investment,2077,Retirement Plan,380,263.01,15244.08,0.0432,95626.23
2023-01,East,Credit Card,2078,Platinum Card,341,915.48,10615.03,0.0808,286954.64
2023-01,East,Credit Card,2079,CashBack Card,393,636.89,17322.21,0.0349,241562.38
2023-01,East,Credit Card,2080,Student Card,399,1442.33,20227.21,0.0806,529105.2
2023-01,East,Mortgage,2081,Home Loan Pro,444,197694.72,19475.16,0.0623,82307982.49
2023-01,East,Mortgage,2082,First Home Loan,289,199021.32,18189.52,0.0326,55642102.02
2023-01,East,Personal Loan,2083,Flexi Loan,414,1506.8,10983.41,0.0553,589318.22
2023-01,East,Personal Loan,2084,Instant Loan,325,1450.5,18691.21,0.0611,442609.2
2023-01,East,Savings Account,2085,High Yield Savings,281,100.0,11881.31,0.0426,26902.94
2023-01,East,Savings Account,2086,Standard Savings,359,2167.16,15871.52,0.0102,770074.73
2023-01,East,Investment,2087,WealthBuilder Fund,357,100.0,19275.61,0.0509,33882.87
2023-01,East,Investment,2088,Retirement Plan,325,2508.94,18041.84,0.0515,773412.12
2023-01,West,Credit Card,2089,Platinum Card,365,2035.0,20577.21,0.0489,706453.3
2023-01,West,Credit Card,2090,CashBack Card,325,982.11,15118.0,0.0491,303513.73
2023-01,West,Credit Card,2091,Student Card,348,100.0,12847.6,0.068,32433.6
2023-01,West,Mortgage,2092,Home Loan Pro,353,200966.54,16618.33,0.0119,70096988.48
2023-01,West,Mortgage,2093,First Home Loan,356,200257.53,20536.04,0.0436,68183363.4
2023-01,West,Personal Loan,2094,Flexi Loan,382,1554.37,13116.92,0.0236,579756.38
2023-01,West,Personal Loan,2095,Instant Loan,377,559.91,16075.85,0.062,197998.73
2023-01,West,Savings Account,2096,High Yield Savings,402,100.0,21367.64,0.067,37506.6
2023-01,West,Savings Account,2097,Standard Savings,337,100.0,17646.99,0.0707,31317.41
2023-01,West,Investment,2098,WealthBuilder Fund,394,100.0,7467.14,0.0559,37197.54
2023-01,West,Investment,2099,Retirement Plan,294,1139.5,21119.6,0.0394,321813.49
2023-02,North,Credit Card,2100,Platinum Card,339,223.16,15518.31,0.0272,73593.53
2023-02,North,Credit Card,2101,CashBack Card,367,2604.73,33515.14,0.0454,912536.42
2023-02,North,Credit Card,2102,Student Card,284,100.0,20897.28,0.0158,27951.28
2023-02,North,Mortgage,2103,Home Loan Pro,316,199343.04,27790.92,0.0159,61990821.47
2023-02,North,Mortgage,2104,First Home Loan,357,200033.72,21342.97,0.0277,69433924.59
2023-02,North,Personal Loan,2105,Flexi Loan,319,2196.91,11177.76,0.0558,661708.85
2023-02,North,Personal Loan,2106,Instant Loan,354,100.0,24102.77,0.0537,33499.02
2023-02,North,Savings Account,2107,High Yield Savings,372,579.97,22029.02,0.1024,193656.16
2023-02,North,Savings Account,2108,Standard Savings,356,100.0,29329.22,0.0176,34973.44
2023-02,North,Investment,2109,WealthBuilder Fund,399,648.73,17923.39,0.065,242018.46
2023-02,North,Investment,2110,Retirement Plan,346,1612.33,15107.06,0.0224,545369.98
2023-02,South,Credit Card,2111,Platinum Card,314,100.0,21690.33,0.0629,29424.94
2023-02,South,Credit Card,2112,CashBack Card,341,841.35,21087.9,0.035,276858.84
2023-02,South,Credit Card,2113,Student Card,280,100.0,27976.41,0.0438,26773.6
2023-02,South,Mortgage,2114,Home Loan Pro,387,199182.59,21606.46,0.01,76312825.71
2023-02,South,Mortgage,2115,First Home Loan,316,201392.46,13045.53,0.0404,61068960.66
2023-02,South,Personal Loan,2116,Flexi Loan,364,542.55,20551.87,0.0526,187100.32
2023-02,South,Personal Loan,2117,Instant Loan,372,1905.99,12144.24,0.0716,658261.86
2023-02,South,Savings Account,2118,High Yield Savings,397,1055.03,18400.7,0.0659,391244.9
2023-02,South,Savings Account,2119,Standard Savings,354,1447.35,10050.92,0.0365,493660.69
2023-02,South,Investment,2120,WealthBuilder Fund,364,100.0,24200.83,0.0535,34452.6
2023-02,South,Investment,2121,Retirement Plan,393,1211.63,17327.02,0.0346,459695.09
2023-02,East,Credit Card,2122,Platinum Card,380,601.49,22430.86,0.0601,214829.37
2023-02,East,Credit Card,2123,CashBack Card,387,2990.89,16787.49,0.0637,1083743.31
2023-02,East,Credit Card,2124,Student Card,398,100.0,21283.21,0.0493,37837.86
2023-02,East,Mortgage,2125,Home Loan Pro,340,198457.27,23731.24,0.0364,65019364.63
2023-02,East,Mortgage,2126,First Home Loan,272,200324.81,20558.15,0.0308,52810107.19
2023-02,East,Personal Loan,2127,Flexi Loan,340,1946.77,18539.62,0.0419,634168.11
2023-02,East,Personal Loan,2128,Instant Loan,384,398.87,25829.58,0.0167,150608.21
2023-02,East,Savings Account,2129,High Yield Savings,302,100.0,23515.33,0.0394,29010.12
2023-02,East,Savings Account,2130,Standard Savings,302,100.0,21045.88,0.0595,28403.1
2023-02,East,Investment,2131,WealthBuilder Fund,381,2960.74,24255.62,0.0745,1044002.82
2023-02,East,Investment,2132,Retirement Plan,329,100.0,14484.77,0.0395,31600.45
2023-02,West,Credit Card,2133,Platinum Card,395,1776.02,27369.06,0.0674,654244.92
2023-02,West,Credit Card,2134,CashBack Card,356,2653.31,23115.44,0.0548,892815.47
2023-02,West,Credit Card,2135,Student Card,317,1486.31,25951.85,0.0704,437990.59
2023-02,West,Mortgage,2136,Home Loan Pro,378,200165.49,28730.77,0.06,71122801.91
2023-02,West,Mortgage,2137,First Home Loan,407,200753.74,17624.26,0.0735,75701324.42
2023-02,West,Personal Loan,2138,Flexi Loan,339,100.0,22593.97,0.0673,31618.53
2023-02,West,Personal Loan,2139,Instant Loan,306,1171.47,22101.34,0.056,338395.51
2023-02,West,Savings Account,2140,High Yield Savings,369,100.0,17103.23,0.0118,36464.58
2023-02,West,Savings Account,2141,Standard Savings,301,451.6,21263.75,0.041,130358.4
2023-02,West,Investment,2142,WealthBuilder Fund,347,852.66,24819.63,0.055,279600.0
2023-02,West,Investment,2143,Retirement Plan,396,1399.23,24725.37,0.0527,524894.27
2023-03,North,Credit Card,2144,Platinum Card,414,276.2,17438.52,0.053,108286.42
2023-03,North,Credit Card,2145,CashBack Card,284,2963.09,20841.04,0.069,783452.85
2023-03,North,Credit Card,2146,Student Card,328,1954.09,26092.4,0.094,580693.02
2023-03,North,Mortgage,2147,Home Loan Pro,387,199643.91,19550.94,0.0507,73344999.98
2023-03,North,Mortgage,2148,First Home Loan,348,201183.92,16540.34,0.0699,65118165.07
2023-03,North,Personal Loan,2149,Flexi Loan,326,1159.61,20195.28,0.0649,353498.53
2023-03,North,Personal Loan,2150,Instant Loan,291,1296.65,13898.82,0.0828,346082.63
2023-03,North,Savings Account,2151,High Yield Savings,342,1380.26,14373.68,0.0281,458784.35
2023-03,North,Savings Account,2152,Standard Savings,413,1576.45,12457.22,0.0537,616111.18
2023-03,North,Investment,2153,WealthBuilder Fund,331,1452.76,24520.91,0.0299,466485.74
2023-03,North,Investment,2154,Retirement Plan,360,555.57,19286.73,0.0511,189784.93
2023-03,South,Credit Card,2155,Platinum Card,408,523.6,18643.62,0.0372,205681.81
2023-03,South,Credit Card,2156,CashBack Card,370,1264.25,19798.33,0.0649,437414.06
2023-03,South,Credit Card,2157,Student Card,374,1093.52,28431.82,0.0373,393721.66
2023-03,South,Mortgage,2158,Home Loan Pro,383,200706.23,21139.96,0.0625,72066080.71
2023-03,South,Mortgage,2159,First Home Loan,325,198898.97,15523.23,0.0713,60033178.87
2023-03,South,Personal Loan,2160,Flexi Loan,322,2316.86,18867.92,0.051,707981.45
2023-03,South,Personal Loan,2161,Instant Loan,391,1996.7,22311.31,0.0253,760957.74
2023-03,South,Savings Account,2162,High Yield Savings,331,2472.64,20711.8,0.0587,770401.19
2023-03,South,Savings Account,2163,Standard Savings,313,2001.01,15989.0,0.0271,609342.96
2023-03,South,Investment,2164,WealthBuilder Fund,373,2342.46,23511.04,0.0645,817381.51
2023-03,South,Investment,2165,Retirement Plan,350,894.95,9304.43,0.0471,298479.25
2023-03,East,Credit Card,2166,Platinum Card,331,100.0,16637.91,0.0523,31368.87
2023-03,East,Credit Card,2167,CashBack Card,360,1515.19,16134.85,0.0326,527686.13
2023-03,East,Credit Card,2168,Student Card,294,100.0,25712.39,0.0508,27906.48
2023-03,East,Mortgage,2169,Home Loan Pro,379,198347.26,5904.12,0.0238,73384479.59
2023-03,East,Mortgage,2170,First Home Loan,294,198060.59,24450.05,0.0237,56849766.88
2023-03,East,Personal Loan,2171,Flexi Loan,405,100.0,9838.06,0.0262,39438.9
2023-03,East,Personal Loan,2172,Instant Loan,389,1337.48,18683.46,0.0469,495878.6
2023-03,East,Savings Account,2173,High Yield Savings,321,100.0,7684.68,0.034,31008.6
2023-03,East,Savings Account,2174,Standard Savings,328,2315.63,19275.8,0.0725,704460.96
2023-03,East,Investment,2175,WealthBuilder Fund,335,1387.27,21603.8,0.0332,449306.23
2023-03,East,Investment,2176,Retirement Plan,369,100.0,19252.72,0.0214,36110.34
2023-03,West,Credit Card,2177,Platinum Card,372,523.45,12622.94,0.0705,180995.4
2023-03,West,Credit Card,2178,CashBack Card,298,2371.39,22472.69,0.0339,682717.96
2023-03,West,Credit Card,2179,Student Card,397,2169.15,14189.67,0.0816,790882.5
2023-03,West,Mortgage,2180,Home Loan Pro,344,199614.54,21170.46,0.106,61388657.17
2023-03,West,Mortgage,2181,First Home Loan,378,200548.68,11973.91,0.0315,73419467.91
2023-03,West,Personal Loan,2182,Flexi Loan,321,734.44,26850.51,0.074,218309.35
2023-03,West,Personal Loan,2183,Instant Loan,325,967.72,11329.4,0.0181,308816.39
2023-03,West,Savings Account,2184,High Yield Savings,377,543.5,26422.19,0.0709,190372.13
2023-03,West,Savings Account,2185,Standard Savings,296,978.65,24828.03,0.0818,265984.54
2023-03,West,Investment,2186,WealthBuilder Fund,358,783.48,15303.79,0.0767,258972.58
2023-03,West,Investment,2187,Retirement Plan,332,1928.93,25156.09,0.0213,626764.14
2023-04,North,Credit Card,2188,Platinum Card,313,1393.11,17977.23,0.0601,409837.22
2023-04,North,Credit Card,2189,CashBack Card,346,2406.37,18446.3,0.0338,804462.0
2023-04,North,Credit Card,2190,Student Card,313,100.0,18343.24,0.0783,28849.21
2023-04,North,Mortgage,2191,Home Loan Pro,368,200773.24,25056.76,0.0637,69178106.34
2023-04,North,Mortgage,2192,First Home Loan,385,199225.54,18068.48,0.0978,69200393.64
2023-04,North,Personal Loan,2193,Flexi Loan,349,232.62,18803.7,0.0634,76037.29
2023-04,North,Personal Loan,2194,Instant Loan,371,100.0,23204.8,0.0633,34751.57
2023-04,North,Savings Account,2195,High Yield Savings,294,100.0,24591.25,0.0404,28212.24
2023-04,North,Savings Account,2196,Standard Savings,383,100.0,23393.64,0.0314,37097.38
2023-04,North,Investment,2197,WealthBuilder Fund,355,100.0,15598.62,0.0296,34449.2
2023-04,North,Investment,2198,Retirement Plan,392,383.63,21427.78,0.0525,142487.85
2023-04,South,Credit Card,2199,Platinum Card,294,1777.99,19657.77,0.0506,496278.97
2023-04,South,Credit Card,2200,CashBack Card,332,1536.12,7742.32,0.0177,500964.98
2023-04,South,Credit Card,2201,Student Card,337,203.54,16700.08,0.0345,66226.52
2023-04,South,Mortgage,2202,Home Loan Pro,343,199192.64,23454.94,0.0188,67038601.7
2023-04,South,Mortgage,2203,First Home Loan,336,201418.93,18600.38,0.0402,64956154.71
2023-04,South,Personal Loan,2204,Flexi Loan,332,937.33,16745.62,0.0555,293922.32
2023-04,South,Personal Loan,2205,Instant Loan,381,552.38,19281.7,0.0467,200628.45
2023-04,South,Savings Account,2206,High Yield Savings,386,1495.7,14500.46,0.0671,538600.67
2023-04,South,Savings Account,2207,Standard Savings,323,590.39,19933.34,0.0431,182476.97
2023-04,South,Investment,2208,WealthBuilder Fund,377,100.0,12504.09,0.068,35136.4
2023-04,South,Investment,2209,Retirement Plan,416,2124.78,21235.16,0.0846,809129.82
2023-04,East,Credit Card,2210,Platinum Card,348,1727.61,24230.38,0.0475,572650.89
2023-04,East,Credit Card,2211,CashBack Card,370,1955.38,19141.63,0.072,671399.28
2023-04,East,Credit Card,2212,Student Card,378,1589.94,18717.13,0.08,552917.53
2023-04,East,Mortgage,2213,Home Loan Pro,364,199451.58,13665.52,0.0588,68331473.06
2023-04,East,Mortgage,2214,First Home Loan,349,198058.14,19980.98,0.0182,67864265.17
2023-04,East,Personal Loan,2215,Flexi Loan,327,335.35,26604.63,0.0585,103244.37
2023-04,East,Personal Loan,2216,Instant Loan,381,3684.66,24035.85,0.0287,1363564.81
2023-04,East,Savings Account,2217,High Yield Savings,374,3639.31,22197.43,0.048,1295769.05
2023-04,East,Savings Account,2218,Standard Savings,362,100.0,27379.4,0.0598,34035.24
2023-04,East,Investment,2219,WealthBuilder Fund,341,770.92,14780.18,0.0619,246611.22
2023-04,East,Investment,2220,Retirement Plan,376,1572.39,15697.15,0.0217,578389.2
2023-04,West,Credit Card,2221,Platinum Card,317,100.0,27665.02,0.0743,29344.69
2023-04,West,Credit Card,2222,CashBack Card,339,100.0,16090.77,0.0412,32503.32
2023-04,West,Credit Card,2223,Student Card,343,404.58,16466.18,0.0573,130819.37
2023-04,West,Mortgage,2224,Home Loan Pro,356,198818.02,24979.87,0.036,68231163.38
2023-04,West,Mortgage,2225,First Home Loan,300,200124.18,18894.78,0.0317,58134073.05
2023-04,West,Personal Loan,2226,Flexi Loan,315,847.5,18270.1,0.0435,255349.63
2023-04,West,Personal Loan,2227,Instant Loan,325,656.94,20646.84,0.01,211370.45
2023-04,West,Savings Account,2228,High Yield Savings,314,1309.31,20817.44,0.0408,394349.51
2023-04,West,Savings Account,2229,Standard Savings,376,1416.6,9680.57,0.0651,497966.63
2023-04,West,Investment,2230,WealthBuilder Fund,282,100.0,21530.68,0.0471,26871.78
2023-04,West,Investment,2231,Retirement Plan,348,100.0,14869.6,0.0576,32795.52
2023-05,North,Credit Card,2232,Platinum Card,334,654.63,28513.22,0.0288,212349.4
2023-05,North,Credit Card,2233,CashBack Card,343,2397.22,13656.54,0.0857,751779.94
2023-05,North,Credit Card,2234,Student Card,360,619.51,15916.01,0.0498,211917.02
2023-05,North,Mortgage,2235,Home Loan Pro,329,198523.16,13883.9,0.0785,60186961.25
2023-05,North,Mortgage,2236,First Home Loan,359,199977.44,26783.97,0.0298,69652502.31
2023-05,North,Personal Loan,2237,Flexi Loan,346,1448.82,17322.92,0.0375,482493.28
2023-05,North,Personal Loan,2238,Instant Loan,392,1284.49,23329.95,0.0475,479602.88
2023-05,North,Savings Account,2239,High Yield Savings,384,1931.14,22886.24,0.0368,714268.43
2023-05,North,Savings Account,2240,Standard Savings,359,100.0,23310.82,0.0497,34115.77
2023-05,North,Investment,2241,WealthBuilder Fund,305,597.95,17416.93,0.0295,176994.69
2023-05,North,Investment,2242,Retirement Plan,337,820.04,23261.63,0.0394,265465.15
2023-05,South,Credit Card,2243,Platinum Card,384,100.0,26044.39,0.0704,35696.64
2023-05,South,Credit Card,2244,CashBack Card,364,722.55,13721.0,0.0537,248884.66
2023-05,South,Credit Card,2245,Student Card,382,100.0,5053.03,0.0282,37122.76
2023-05,South,Mortgage,2246,Home Loan Pro,358,200520.38,19641.5,0.0492,68254410.27
2023-05,South,Mortgage,2247,First Home Loan,332,201268.38,21268.69,0.0141,65878924.62
2023-05,South,Personal Loan,2248,Flexi Loan,325,590.25,25088.18,0.0696,178479.8
2023-05,South,Personal Loan,2249,Instant Loan,389,2324.83,9828.76,0.0252,881569.03
2023-05,South,Savings Account,2250,High Yield Savings,342,100.0,15198.51,0.0251,33341.58
2023-05,South,Savings Account,2251,Standard Savings,379,1000.85,24563.1,0.0584,357169.74
2023-05,South,Investment,2252,WealthBuilder Fund,330,100.0,25132.1,0.0619,30957.3
2023-05,South,Investment,2253,Retirement Plan,348,961.23,13869.1,0.0939,303097.74
2023-05,East,Credit Card,2254,Platinum Card,344,588.81,24956.76,0.0553,191349.59
2023-05,East,Credit Card,2255,CashBack Card,333,1253.41,9374.53,0.0563,393886.72
2023-05,East,Credit Card,2256,Student Card,404,312.63,26942.63,0.0951,114291.15
2023-05,East,Mortgage,2257,Home Loan Pro,384,199536.38,16469.36,0.043,73327225.21
2023-05,East,Mortgage,2258,First Home Loan,287,197295.21,19527.43,0.0387,54432387.1
2023-05,East,Personal Loan,2259,Flexi Loan,390,100.0,15732.52,0.0366,37572.6
2023-05,East,Personal Loan,2260,Instant Loan,368,100.0,22835.92,0.0338,35556.16
2023-05,East,Savings Account,2261,High Yield Savings,380,100.0,15994.53,0.0627,35617.4
2023-05,East,Savings Account,2262,Standard Savings,412,1833.16,16848.75,0.0673,704432.79
2023-05,East,Investment,2263,WealthBuilder Fund,385,100.0,24708.48,0.0735,35670.25
2023-05,East,Investment,2264,Retirement Plan,347,772.31,7692.64,0.0461,255637.16
2023-05,West,Credit Card,2265,Platinum Card,360,100.0,20447.61,0.0513,34153.2
2023-05,West,Credit Card,2266,CashBack Card,335,100.0,21054.08,0.0354,32314.1
2023-05,West,Credit Card,2267,Student Card,363,100.0,26253.23,0.0716,33700.92
2023-05,West,Mortgage,2268,Home Loan Pro,375,199762.19,22332.16,0.0604,70386207.65
2023-05,West,Mortgage,2269,First Home Loan,379,198920.47,18648.04,0.0279,73287453.19
2023-05,West,Personal Loan,2270,Flexi Loan,313,836.69,25929.15,0.0268,254865.48
2023-05,West,Personal Loan,2271,Instant Loan,303,744.55,27311.27,0.0442,215627.19
2023-05,West,Savings Account,2272,High Yield Savings,323,1040.56,18286.45,0.0542,317884.21
2023-05,West,Savings Account,2273,Standard Savings,358,2459.65,25195.55,0.0606,827193.09
2023-05,West,Investment,2274,WealthBuilder Fund,283,2032.73,17307.93,0.0588,541437.15
2023-05,West,Investment,2275,Retirement Plan,392,1383.25,11414.05,0.0184,532256.89
2023-06,North,Credit Card,2276,Platinum Card,371,100.0,15646.85,0.0323,35901.67
2023-06,North,Credit Card,2277,CashBack Card,357,2800.4,10072.31,0.0474,952354.99
2023-06,North,Credit Card,2278,Student Card,298,118.84,14029.79,0.0244,34550.21
2023-06,North,Mortgage,2279,Home Loan Pro,286,200988.03,18677.27,0.0573,54188824.94
2023-06,North,Mortgage,2280,First Home Loan,320,200669.86,23106.54,0.0118,63456625.81
2023-06,North,Personal Loan,2281,Flexi Loan,366,1380.2,21200.57,0.0581,475803.8
2023-06,North,Personal Loan,2282,Instant Loan,310,100.0,11495.98,0.05,29450.0
2023-06,North,Savings Account,2283,High Yield Savings,384,896.12,8912.04,0.0266,334956.75
2023-06,North,Savings Account,2284,Standard Savings,383,784.65,24964.79,0.045,286997.51
2023-06,North,Investment,2285,WealthBuilder Fund,273,631.55,21364.96,0.0728,159861.47
2023-06,North,Investment,2286,Retirement Plan,407,577.79,23532.42,0.0724,218134.91
2023-06,South,Credit Card,2287,Platinum Card,319,2198.64,22687.93,0.0611,658512.69
2023-06,South,Credit Card,2288,CashBack Card,387,717.87,26153.51,0.031,269203.4
2023-06,South,Credit Card,2289,Student Card,338,100.0,20749.58,0.0645,31619.9
2023-06,South,Mortgage,2290,Home Loan Pro,338,198575.88,17717.98,0.0136,66205833.83
2023-06,South,Mortgage,2291,First Home Loan,386,201187.64,10177.32,0.0204,76074197.09
2023-06,South,Personal Loan,2292,Flexi Loan,340,1481.01,14865.07,0.0514,477661.27
2023-06,South,Personal Loan,2293,Instant Loan,356,100.0,15680.67,0.0415,34122.6
2023-06,South,Savings Account,2294,High Yield Savings,397,1385.97,14116.78,0.0686,512484.31
2023-06,South,Savings Account,2295,Standard Savings,328,100.0,18498.68,0.024,32012.8
2023-06,South,Investment,2296,WealthBuilder Fund,335,3441.22,22185.63,0.0518,1093093.21
2023-06,South,Investment,2297,Retirement Plan,390,1476.24,26247.23,0.0206,563873.49
2023-06,East,Credit Card,2298,Platinum Card,351,100.0,23304.49,0.052,33274.8
2023-06,East,Credit Card,2299,CashBack Card,409,3268.06,29666.8,0.0551,1262987.87
2023-06,East,Credit Card,2300,Student Card,404,2155.93,25260.53,0.0526,825181.35
2023-06,East,Mortgage,2301,Home Loan Pro,367,200067.47,16984.26,0.0261,71508375.22
2023-06,East,Mortgage,2302,First Home Loan,360,200046.75,26990.01,0.01,71296661.7
2023-06,East,Personal Loan,2303,Flexi Loan,367,100.0,17500.63,0.0344,35437.52
2023-06,East,Personal Loan,2304,Instant Loan,361,100.0,20080.6,0.0546,34128.94
2023-06,East,Savings Account,2305,High Yield Savings,360,161.03,17789.81,0.0712,53843.28
2023-06,East,Savings Account,2306,Standard Savings,346,958.71,12627.49,0.0689,308858.59
2023-06,East,Investment,2307,WealthBuilder Fund,281,1055.0,24452.09,0.0517,281128.28
2023-06,East,Investment,2308,Retirement Plan,405,1592.53,19413.8,0.0647,603244.79
2023-06,West,Credit Card,2309,Platinum Card,343,276.09,15423.4,0.0402,90891.98
2023-06,West,Credit Card,2310,CashBack Card,319,2750.93,19842.41,0.0551,829193.85
2023-06,West,Credit Card,2311,Student Card,421,369.15,13117.69,0.0276,151122.77
2023-06,West,Mortgage,2312,Home Loan Pro,391,199217.65,24265.83,0.0549,73617715.0
2023-06,West,Mortgage,2313,First Home Loan,323,199990.34,18748.82,0.0436,61780455.86
2023-06,West,Personal Loan,2314,Flexi Loan,372,100.0,24345.59,0.0533,35217.24
2023-06,West,Personal Loan,2315,Instant Loan,328,738.07,18161.08,0.0641,226569.19
2023-06,West,Savings Account,2316,High Yield Savings,377,1280.88,25756.45,0.0536,457008.76
2023-06,West,Savings Account,2317,Standard Savings,384,493.49,23850.11,0.0531,179437.7
2023-06,West,Investment,2318,WealthBuilder Fund,293,806.25,20117.88,0.051,224183.46
2023-06,West,Investment,2319,Retirement Plan,277,100.0,14669.84,0.049,26342.7
2023-07,North,Credit Card,2320,Platinum Card,375,890.03,15251.98,0.0627,312834.42
2023-07,North,Credit Card,2321,CashBack Card,389,505.65,16410.48,0.0842,180135.89
2023-07,North,Credit Card,2322,Student Card,389,2380.2,24382.36,0.0447,884510.17
2023-07,North,Mortgage,2323,Home Loan Pro,403,199817.12,18615.55,0.0366,77579036.8
2023-07,North,Mortgage,2324,First Home Loan,382,199977.56,19710.25,0.0618,71670437.67
2023-07,North,Personal Loan,2325,Flexi Loan,326,1962.35,13881.1,0.0422,612729.66
2023-07,North,Personal Loan,2326,Instant Loan,350,720.65,19982.47,0.0417,241709.61
2023-07,North,Savings Account,2327,High Yield Savings,358,160.31,15427.06,0.0406,55060.91
2023-07,North,Savings Account,2328,Standard Savings,341,2607.92,26767.27,0.0769,820913.49
2023-07,North,Investment,2329,WealthBuilder Fund,325,2443.67,18757.27,0.0546,750829.83
2023-07,North,Investment,2330,Retirement Plan,400,1107.49,17845.91,0.0434,423769.97
2023-07,South,Credit Card,2331,Platinum Card,310,1318.07,17964.05,0.0698,380081.3
2023-07,South,Credit Card,2332,CashBack Card,372,834.27,18892.98,0.0574,292534.44
2023-07,South,Credit Card,2333,Student Card,362,563.35,18057.42,0.0115,201587.47
2023-07,South,Mortgage,2334,Home Loan Pro,315,199394.88,24012.63,0.0615,58946609.89
2023-07,South,Mortgage,2335,First Home Loan,374,199498.15,20060.85,0.0481,71023456.08
2023-07,South,Personal Loan,2336,Flexi Loan,333,100.0,21552.72,0.0728,30875.76
2023-07,South,Personal Loan,2337,Instant Loan,335,363.16,29765.54,0.0637,113908.95
2023-07,South,Savings Account,2338,High Yield Savings,342,2452.91,9073.46,0.0693,780759.78
2023-07,South,Savings Account,2339,Standard Savings,327,2601.71,10356.59,0.0622,797841.95
2023-07,South,Investment,2340,WealthBuilder Fund,338,1874.24,16001.26,0.0451,604922.58
2023-07,South,Investment,2341,Retirement Plan,400,2516.14,22793.62,0.0469,959253.21
2023-07,East,Credit Card,2342,Platinum Card,318,2384.57,25479.41,0.0911,689212.74
2023-07,East,Credit Card,2343,CashBack Card,367,1965.18,28846.69,0.054,682275.12
2023-07,East,Credit Card,2344,Student Card,313,100.0,23929.29,0.0908,28457.96
2023-07,East,Mortgage,2345,Home Loan Pro,398,199466.7,20513.23,0.044,75894685.75
2023-07,East,Mortgage,2346,First Home Loan,374,199059.31,20395.42,0.0504,70695993.57
2023-07,East,Personal Loan,2347,Flexi Loan,387,2084.14,26570.37,0.031,781558.75
2023-07,East,Personal Loan,2348,Instant Loan,312,100.0,22296.49,0.0842,28572.96
2023-07,East,Savings Account,2349,High Yield Savings,295,1651.27,18509.35,0.017,478843.53
2023-07,East,Savings Account,2350,Standard Savings,336,791.8,22314.81,0.0604,249975.69
2023-07,East,Investment,2351,WealthBuilder Fund,409,832.34,17360.03,0.0771,314180.13
2023-07,East,Investment,2352,Retirement Plan,365,1308.43,19197.75,0.0694,444433.11
2023-07,West,Credit Card,2353,Platinum Card,330,633.46,8530.29,0.0561,197314.56
2023-07,West,Credit Card,2354,CashBack Card,335,2023.64,24277.7,0.0632,635074.89
2023-07,West,Credit Card,2355,Student Card,373,1782.7,21733.53,0.0581,626313.67
2023-07,West,Mortgage,2356,Home Loan Pro,273,200219.15,15700.3,0.0673,50981221.53
2023-07,West,Mortgage,2357,First Home Loan,351,199897.15,26873.06,0.0572,66150524.59
2023-07,West,Personal Loan,2358,Flexi Loan,360,1576.26,19002.3,0.0439,542542.39
2023-07,West,Personal Loan,2359,Instant Loan,349,2362.4,32537.48,0.0848,754561.9
2023-07,West,Savings Account,2360,High Yield Savings,345,100.0,26504.04,0.0645,32274.75
2023-07,West,Savings Account,2361,Standard Savings,380,3055.72,23737.22,0.056,1096147.88
2023-07,West,Investment,2362,WealthBuilder Fund,304,2711.14,23842.16,0.0884,751328.47
2023-07,West,Investment,2363,Retirement Plan,336,1355.55,29900.38,0.0628,426861.61
2023-08,North,Credit Card,2364,Platinum Card,308,1055.1,23562.52,0.0418,311387.02
2023-08,North,Credit Card,2365,CashBack Card,375,1084.38,16334.1,0.0503,386188.38
2023-08,North,Credit Card,2366,Student Card,360,100.0,19956.33,0.0243,35125.2
2023-08,North,Mortgage,2367,Home Loan Pro,281,199984.76,14470.83,0.0345,54256965.3
2023-08,North,Mortgage,2368,First Home Loan,380,199371.85,26431.91,0.0449,72359620.5
2023-08,North,Personal Loan,2369,Flexi Loan,294,1277.55,17696.26,0.0488,357270.43
2023-08,North,Personal Loan,2370,Instant Loan,334,379.27,16526.09,0.0558,119607.65
2023-08,North,Savings Account,2371,High Yield Savings,375,2377.61,17660.53,0.0897,811626.89
2023-08,North,Savings Account,2372,Standard Savings,381,1719.17,29098.86,0.0483,623367.09
2023-08,North,Investment,2373,WealthBuilder Fund,307,1648.88,14283.3,0.0435,484186.19
2023-08,North,Investment,2374,Retirement Plan,408,1833.64,20846.23,0.0435,715581.68
2023-08,South,Credit Card,2375,Platinum Card,373,933.44,23855.56,0.0365,335464.8
2023-08,South,Credit Card,2376,CashBack Card,374,100.0,21180.71,0.0681,34853.06
2023-08,South,Credit Card,2377,Student Card,296,774.19,28432.98,0.0434,219214.69
2023-08,South,Mortgage,2378,Home Loan Pro,303,199166.51,18199.71,0.0452,57619747.68
2023-08,South,Mortgage,2379,First Home Loan,347,199957.81,24317.19,0.0497,65936907.67
2023-08,South,Personal Loan,2380,Flexi Loan,319,2261.86,20652.26,0.0814,662800.53
2023-08,South,Personal Loan,2381,Instant Loan,352,290.03,14263.29,0.0346,98558.23
2023-08,South,Savings Account,2382,High Yield Savings,367,644.58,27404.53,0.03,229464.03
2023-08,South,Savings Account,2383,Standard Savings,361,473.07,16373.78,0.041,163776.36
2023-08,South,Investment,2384,WealthBuilder Fund,357,226.95,23630.81,0.0507,76913.38
2023-08,South,Investment,2385,Retirement Plan,386,1121.76,23511.38,0.0794,398619.21
2023-08,East,Credit Card,2386,Platinum Card,417,3469.41,14516.14,0.0887,1318417.78
2023-08,East,Credit Card,2387,CashBack Card,372,366.04,19817.1,0.0152,134097.14
2023-08,East,Credit Card,2388,Student Card,381,587.65,16993.5,0.0351,216035.95
2023-08,East,Mortgage,2389,Home Loan Pro,329,200514.15,22269.3,0.0851,60355180.23
2023-08,East,Mortgage,2390,First Home Loan,382,198715.78,16299.33,0.0495,72151911.28
2023-08,East,Personal Loan,2391,Flexi Loan,357,3415.75,22979.49,0.0689,1135404.52
2023-08,East,Personal Loan,2392,Instant Loan,342,652.71,15196.35,0.0339,215659.43
2023-08,East,Savings Account,2393,High Yield Savings,346,1548.94,22352.41,0.0894,488020.81
2023-08,East,Savings Account,2394,Standard Savings,409,1606.81,12754.67,0.0429,628992.04
2023-08,East,Investment,2395,WealthBuilder Fund,369,1766.65,24229.26,0.0432,623732.04
2023-08,East,Investment,2396,Retirement Plan,340,3614.8,22011.49,0.0613,1153692.34
2023-08,West,Credit Card,2397,Platinum Card,307,226.95,13461.12,0.0431,66670.72
2023-08,West,Credit Card,2398,CashBack Card,354,1567.51,22976.14,0.0781,511560.96
2023-08,West,Credit Card,2399,Student Card,359,1407.81,19807.98,0.0806,464668.24
2023-08,West,Mortgage,2400,Home Loan Pro,393,199624.5,23497.32,0.0125,77471773.14
2023-08,West,Mortgage,2401,First Home Loan,373,201179.99,22744.75,0.0708,69727294.62
2023-08,West,Personal Loan,2402,Flexi Loan,386,1782.03,15441.91,0.0496,653745.55
2023-08,West,Personal Loan,2403,Instant Loan,340,752.12,21884.72,0.0429,244750.38
2023-08,West,Savings Account,2404,High Yield Savings,375,100.0,20150.73,0.0732,34755.0
2023-08,West,Savings Account,2405,Standard Savings,367,1782.37,26231.03,0.063,612919.61
2023-08,West,Investment,2406,WealthBuilder Fund,349,1091.17,23941.02,0.0144,375334.55
2023-08,West,Investment,2407,Retirement Plan,346,2502.73,19559.52,0.0466,825591.56
2023-09,North,Credit Card,2408,Platinum Card,387,100.0,14716.45,0.0709,35956.17
2023-09,North,Credit Card,2409,CashBack Card,332,100.0,8915.89,0.033,32104.4
2023-09,North,Credit Card,2410,Student Card,394,1035.78,19142.4,0.0284,396507.36
2023-09,North,Mortgage,2411,Home Loan Pro,286,200184.95,14960.03,0.0572,53978030.07
2023-09,North,Mortgage,2412,First Home Loan,342,200975.39,22597.57,0.0544,64994476.44
2023-09,North,Personal Loan,2413,Flexi Loan,386,419.2,8772.07,0.0539,153089.58
2023-09,North,Personal Loan,2414,Instant Loan,359,488.58,15400.94,0.0846,160561.36
2023-09,North,Savings Account,2415,High Yield Savings,376,2116.46,24134.72,0.0198,780032.34
2023-09,North,Savings Account,2416,Standard Savings,376,1136.91,5864.49,0.0221,418030.89
2023-09,North,Investment,2417,WealthBuilder Fund,402,1942.25,17419.42,0.0925,708561.93
2023-09,North,Investment,2418,Retirement Plan,338,3279.42,16522.55,0.0507,1052245.85
2023-09,South,Credit Card,2419,Platinum Card,416,1375.17,12343.3,0.0658,534428.47
2023-09,South,Credit Card,2420,CashBack Card,356,567.81,16037.65,0.0396,194135.6
2023-09,South,Credit Card,2421,Student Card,383,1594.68,8105.02,0.0634,572040.1
2023-09,South,Mortgage,2422,Home Loan Pro,354,199454.98,21100.57,0.0696,65692811.34
2023-09,South,Mortgage,2423,First Home Loan,390,199901.66,25079.69,0.0419,74695054.37
2023-09,South,Personal Loan,2424,Flexi Loan,368,1988.07,28225.57,0.0364,704979.16
2023-09,South,Personal Loan,2425,Instant Loan,375,100.0,19835.05,0.0397,36011.25
2023-09,South,Savings Account,2426,High Yield Savings,407,100.0,14593.5,0.0232,39755.76
2023-09,South,Savings Account,2427,Standard Savings,357,1849.99,21710.53,0.0883,602129.01
2023-09,South,Investment,2428,WealthBuilder Fund,326,2182.72,18952.74,0.0106,704024.11
2023-09,South,Investment,2429,Retirement Plan,387,891.24,19298.58,0.0395,331285.94
2023-09,East,Credit Card,2430,Platinum Card,372,338.57,17613.88,0.0477,119940.32
2023-09,East,Credit Card,2431,CashBack Card,368,1545.24,18207.98,0.0255,554147.79
2023-09,East,Credit Card,2432,Student Card,366,100.0,18535.84,0.0688,34081.92
2023-09,East,Mortgage,2433,Home Loan Pro,300,201027.5,13933.15,0.0352,58185399.6
2023-09,East,Mortgage,2434,First Home Loan,333,199337.32,23505.55,0.01,65715534.28
2023-09,East,Personal Loan,2435,Flexi Loan,370,845.56,23312.68,0.0335,302376.48
2023-09,East,Personal Loan,2436,Instant Loan,337,1453.88,19757.07,0.0592,460952.07
2023-09,East,Savings Account,2437,High Yield Savings,312,1783.85,18750.98,0.0233,543593.32
2023-09,East,Savings Account,2438,Standard Savings,280,2128.71,9825.52,0.0436,570051.51
2023-09,East,Investment,2439,WealthBuilder Fund,354,2337.18,15511.7,0.0373,796501.13
2023-09,East,Investment,2440,Retirement Plan,416,1576.64,22995.47,0.0615,615545.48
2023-09,West,Credit Card,2441,Platinum Card,338,100.0,25487.15,0.0634,31657.08
2023-09,West,Credit Card,2442,CashBack Card,353,2093.69,35467.15,0.0494,702562.39
2023-09,West,Credit Card,2443,Student Card,356,1614.19,25508.69,0.0598,540287.47
2023-09,West,Mortgage,2444,Home Loan Pro,305,200711.96,15154.74,0.0453,58444011.0
2023-09,West,Mortgage,2445,First Home Loan,335,201475.73,11253.23,0.0147,66502202.32
2023-09,West,Personal Loan,2446,Flexi Loan,304,100.0,20446.98,0.0411,29150.56
2023-09,West,Personal Loan,2447,Instant Loan,302,1007.73,19777.79,0.0609,285800.49
2023-09,West,Savings Account,2448,High Yield Savings,296,100.0,14095.82,0.0452,28262.08
2023-09,West,Savings Account,2449,Standard Savings,338,2149.14,18810.4,0.0315,703527.43
2023-09,West,Investment,2450,WealthBuilder Fund,335,1623.5,21301.87,0.0606,510913.83
2023-09,West,Investment,2451,Retirement Plan,385,1002.47,17891.96,0.0625,361829.02
2023-10,North,Credit Card,2452,Platinum Card,290,298.71,15620.93,0.0607,81367.71
2023-10,North,Credit Card,2453,CashBack Card,363,194.47,16390.07,0.0668,65877.02
2023-10,North,Credit Card,2454,Student Card,336,100.0,21063.23,0.0159,33065.76
2023-10,North,Mortgage,2455,Home Loan Pro,325,199687.48,28226.98,0.0396,62328453.13
2023-10,North,Mortgage,2456,First Home Loan,302,198868.59,24436.91,0.0703,55836214.69
2023-10,North,Personal Loan,2457,Flexi Loan,360,1651.86,22157.04,0.07,553042.73
2023-10,North,Personal Loan,2458,Instant Loan,358,273.23,15611.91,0.0567,92270.15
2023-10,North,Savings Account,2459,High Yield Savings,342,100.0,26299.93,0.067,31908.6
2023-10,North,Savings Account,2460,Standard Savings,388,1549.43,16699.86,0.0297,583323.83
2023-10,North,Investment,2461,WealthBuilder Fund,326,494.66,11536.34,0.052,152873.68
2023-10,North,Investment,2462,Retirement Plan,283,1372.65,20832.47,0.0809,357033.54
2023-10,South,Credit Card,2463,Platinum Card,303,1243.48,22358.01,0.0793,346896.23
2023-10,South,Credit Card,2464,CashBack Card,315,1709.41,19297.23,0.0374,518325.59
2023-10,South,Credit Card,2465,Student Card,344,1599.45,11187.39,0.0372,529742.96
2023-10,South,Mortgage,2466,Home Loan Pro,329,200823.7,13863.72,0.0636,61868881.87
2023-10,South,Mortgage,2467,First Home Loan,403,199629.08,12963.53,0.024,78519706.78
2023-10,South,Personal Loan,2468,Flexi Loan,322,1192.22,24905.94,0.0168,377445.41
2023-10,South,Personal Loan,2469,Instant Loan,332,100.0,18547.79,0.0589,31244.52
2023-10,South,Savings Account,2470,High Yield Savings,362,569.16,26780.63,0.0607,193529.54
2023-10,South,Savings Account,2471,Standard Savings,370,1956.56,20539.92,0.1021,650014.23
2023-10,South,Investment,2472,WealthBuilder Fund,309,100.0,18933.88,0.0436,29552.76
2023-10,South,Investment,2473,Retirement Plan,298,100.0,23034.15,0.0692,27737.84
2023-10,East,Credit Card,2474,Platinum Card,298,1626.01,28324.95,0.0392,465556.58
2023-10,East,Credit Card,2475,CashBack Card,374,259.77,22139.81,0.0845,88944.47
2023-10,East,Credit Card,2476,Student Card,381,1721.12,21597.77,0.0395,629844.72
2023-10,East,Mortgage,2477,Home Loan Pro,366,200502.8,23909.11,0.0632,68746154.43
2023-10,East,Mortgage,2478,First Home Loan,320,199227.27,7473.48,0.0641,59666176.64
2023-10,East,Personal Loan,2479,Flexi Loan,348,854.17,15000.52,0.0939,269339.28
2023-10,East,Personal Loan,2480,Instant Loan,351,1745.37,18785.38,0.0583,576908.84
2023-10,East,Savings Account,2481,High Yield Savings,322,100.0,16746.72,0.0435,30799.3
2023-10,East,Savings Account,2482,Standard Savings,337,1528.23,24831.58,0.047,490807.88
2023-10,East,Investment,2483,WealthBuilder Fund,327,150.23,22947.52,0.01,48633.96
2023-10,East,Investment,2484,Retirement Plan,392,732.32,26959.03,0.0731,266084.66
2023-10,West,Credit Card,2485,Platinum Card,399,100.0,27634.06,0.0881,36384.81
2023-10,West,Credit Card,2486,CashBack Card,336,2340.08,16120.56,0.026,765823.94
2023-10,West,Credit Card,2487,Student Card,363,1370.48,19555.44,0.0362,479475.31
2023-10,West,Mortgage,2488,Home Loan Pro,367,200141.6,22376.29,0.0734,68060592.81
2023-10,West,Mortgage,2489,First Home Loan,308,198344.78,13337.35,0.0603,57406453.65
2023-10,West,Personal Loan,2490,Flexi Loan,362,792.42,26606.58,0.0434,274406.49
2023-10,West,Personal Loan,2491,Instant Loan,398,100.0,22272.44,0.0346,38422.92
2023-10,West,Savings Account,2492,High Yield Savings,335,100.0,14374.07,0.0578,31563.7
2023-10,West,Savings Account,2493,Standard Savings,371,100.0,19156.97,0.0613,34825.77
2023-10,West,Investment,2494,WealthBuilder Fund,284,1305.0,20816.43,0.0508,351792.5
2023-10,West,Investment,2495,Retirement Plan,379,100.0,27240.92,0.0621,35546.41
2023-11,North,Credit Card,2496,Platinum Card,367,1588.08,11816.76,0.037,561260.82
2023-11,North,Credit Card,2497,CashBack Card,301,154.94,21496.18,0.0648,43614.87
2023-11,North,Credit Card,2498,Student Card,388,1492.18,21811.58,0.0545,547412.2
2023-11,North,Mortgage,2499,Home Loan Pro,351,200008.84,19126.76,0.0772,64783423.3
2023-11,North,Mortgage,2500,First Home Loan,350,199613.37,15585.16,0.0595,65707731.07
2023-11,North,Personal Loan,2501,Flexi Loan,346,537.9,20443.03,0.0402,178631.64
2023-11,North,Personal Loan,2502,Instant Loan,297,1499.36,18301.43,0.0588,419125.7
2023-11,North,Savings Account,2503,High Yield Savings,286,1267.66,18648.14,0.0222,354502.13
2023-11,North,Savings Account,2504,Standard Savings,382,1940.9,23859.65,0.0445,708430.44
2023-11,North,Investment,2505,WealthBuilder Fund,367,952.16,16441.69,0.0361,336827.84
2023-11,North,Investment,2506,Retirement Plan,352,100.0,17192.1,0.0285,34196.8
2023-11,South,Credit Card,2507,Platinum Card,373,100.0,15060.67,0.0645,34894.15
2023-11,South,Credit Card,2508,CashBack Card,353,386.22,30907.05,0.0152,134263.36
2023-11,South,Credit Card,2509,Student Card,356,1453.94,25398.59,0.0775,477488.44
2023-11,South,Mortgage,2510,Home Loan Pro,334,201638.96,24540.11,0.0359,64929640.53
2023-11,South,Mortgage,2511,First Home Loan,284,202209.86,22593.51,0.069,53465095.82
2023-11,South,Personal Loan,2512,Flexi Loan,342,1799.91,19710.86,0.0829,564538.53
2023-11,South,Personal Loan,2513,Instant Loan,341,100.0,20706.01,0.0529,32296.11
2023-11,South,Savings Account,2514,High Yield Savings,351,886.44,19720.74,0.0425,297916.97
2023-11,South,Savings Account,2515,Standard Savings,301,2344.85,19345.47,0.0284,685755.13
2023-11,South,Investment,2516,WealthBuilder Fund,399,1755.24,19015.37,0.0456,668405.22
2023-11,South,Investment,2517,Retirement Plan,377,100.0,18002.78,0.0494,35837.62
2023-11,East,Credit Card,2518,Platinum Card,378,585.08,27509.76,0.0782,203865.51
2023-11,East,Credit Card,2519,CashBack Card,325,1785.35,27422.3,0.0237,566487.09
2023-11,East,Credit Card,2520,Student Card,335,961.9,18798.45,0.0901,293202.99
2023-11,East,Mortgage,2521,Home Loan Pro,323,200222.82,24099.95,0.0307,62686541.35
2023-11,East,Mortgage,2522,First Home Loan,355,199091.62,17617.6,0.0623,66274315.29
2023-11,East,Personal Loan,2523,Flexi Loan,365,373.21,25941.74,0.0504,129356.08
2023-11,East,Personal Loan,2524,Instant Loan,402,1105.28,20753.01,0.0199,435480.54
2023-11,East,Savings Account,2525,High Yield Savings,324,1995.69,15220.01,0.0341,624554.38
2023-11,East,Savings Account,2526,Standard Savings,351,3028.71,18407.63,0.0218,1039902.13
2023-11,East,Investment,2527,WealthBuilder Fund,365,2792.4,19586.51,0.0727,945128.27
2023-11,East,Investment,2528,Retirement Plan,398,100.0,10895.01,0.0509,37774.18
2023-11,West,Credit Card,2529,Platinum Card,316,100.0,23302.1,0.0471,30111.64
2023-11,West,Credit Card,2530,CashBack Card,380,2153.5,25812.87,0.0587,770294.03
2023-11,West,Credit Card,2531,Student Card,380,1166.49,25609.1,0.04,425535.55
2023-11,West,Mortgage,2532,Home Loan Pro,363,202323.27,18144.72,0.041,70432169.78
2023-11,West,Mortgage,2533,First Home Loan,374,201062.77,28133.57,0.0442,71873747.54
2023-11,West,Personal Loan,2534,Flexi Loan,340,547.36,20861.68,0.066,173819.64
2023-11,West,Personal Loan,2535,Instant Loan,356,1329.95,17875.32,0.0474,451020.09
2023-11,West,Savings Account,2536,High Yield Savings,387,1211.56,17907.01,0.0163,461231.08
2023-11,West,Savings Account,2537,Standard Savings,380,312.8,21405.96,0.0867,108558.49
2023-11,West,Investment,2538,WealthBuilder Fund,331,1230.06,13269.3,0.0401,390823.15
2023-11,West,Investment,2539,Retirement Plan,306,100.0,24089.52,0.0197,29997.18
2023-12,North,Credit Card,2540,Platinum Card,375,1467.25,17278.52,0.0399,528265.02
2023-12,North,Credit Card,2541,CashBack Card,329,100.0,26329.3,0.0466,31366.86
2023-12,North,Credit Card,2542,Student Card,315,3680.51,17878.02,0.0367,1116812.11
2023-12,North,Mortgage,2543,Home Loan Pro,320,200320.25,27548.85,0.0742,59346075.98
2023-12,North,Mortgage,2544,First Home Loan,320,199529.24,25605.94,0.082,58613709.54
2023-12,North,Personal Loan,2545,Flexi Loan,333,2528.33,18738.6,0.0457,803457.51
2023-12,North,Personal Loan,2546,Instant Loan,369,2361.61,20283.35,0.0636,816010.88
2023-12,North,Savings Account,2547,High Yield Savings,353,1654.37,19645.82,0.0518,553741.79
2023-12,North,Savings Account,2548,Standard Savings,326,2385.75,19935.95,0.063,728755.97
2023-12,North,Investment,2549,WealthBuilder Fund,343,957.47,29438.43,0.0271,319512.24
2023-12,North,Investment,2550,Retirement Plan,338,2204.17,18018.38,0.039,715954.09
2023-12,South,Credit Card,2551,Platinum Card,301,1081.22,15407.76,0.0377,313177.86
2023-12,South,Credit Card,2552,CashBack Card,325,2485.48,9762.81,0.0456,770946.19
2023-12,South,Credit Card,2553,Student Card,342,100.0,26246.74,0.0344,33023.52
2023-12,South,Mortgage,2554,Home Loan Pro,387,199567.36,30928.65,0.0451,73749379.49
2023-12,South,Mortgage,2555,First Home Loan,331,200735.13,21342.59,0.0441,63513177.26
2023-12,South,Personal Loan,2556,Flexi Loan,337,248.12,27682.67,0.0445,79895.51
2023-12,South,Personal Loan,2557,Instant Loan,424,3010.27,16579.0,0.0411,1223896.31
2023-12,South,Savings Account,2558,High Yield Savings,366,4377.38,23382.54,0.0418,1535152.42
2023-12,South,Savings Account,2559,Standard Savings,366,100.0,19553.17,0.0375,35227.5
2023-12,South,Investment,2560,WealthBuilder Fund,362,1403.98,16527.17,0.015,500617.15
2023-12,South,Investment,2561,Retirement Plan,279,449.31,15782.79,0.0669,116971.07
2023-12,East,Credit Card,2562,Platinum Card,353,1393.74,22102.37,0.0272,478608.09
2023-12,East,Credit Card,2563,CashBack Card,395,1106.7,20541.99,0.0247,426348.98
2023-12,East,Credit Card,2564,Student Card,362,361.17,23249.68,0.0511,124062.55
2023-12,East,Mortgage,2565,Home Loan Pro,350,199257.09,24033.38,0.01,69042581.68
2023-12,East,Mortgage,2566,First Home Loan,365,199541.08,22122.68,0.07,67734219.61
2023-12,East,Personal Loan,2567,Flexi Loan,299,1708.44,28333.77,0.0561,482166.36
2023-12,East,Personal Loan,2568,Instant Loan,316,1115.98,19337.01,0.0467,336180.94
2023-12,East,Savings Account,2569,High Yield Savings,348,2091.18,24157.49,0.066,679700.42
2023-12,East,Savings Account,2570,Standard Savings,400,1099.92,22492.34,0.0587,414141.88
2023-12,East,Investment,2571,WealthBuilder Fund,339,1425.48,19061.36,0.0668,450957.44
2023-12,East,Investment,2572,Retirement Plan,307,2807.63,28207.14,0.0513,817724.76
2023-12,West,Credit Card,2573,Platinum Card,365,2662.93,10682.22,0.0658,908013.86
2023-12,West,Credit Card,2574,CashBack Card,375,1787.93,22306.82,0.0649,626960.0
2023-12,West,Credit Card,2575,Student Card,317,885.17,13158.19,0.0464,267579.1
2023-12,West,Mortgage,2576,Home Loan Pro,327,200148.78,19143.72,0.0517,62064955.8
2023-12,West,Mortgage,2577,First Home Loan,343,199983.95,13797.32,0.0483,65281380.75
2023-12,West,Personal Loan,2578,Flexi Loan,384,1583.88,26420.52,0.0199,596106.54
2023-12,West,Personal Loan,2579,Instant Loan,412,443.28,22791.35,0.0304,177079.37
2023-12,West,Savings Account,2580,High Yield Savings,272,1655.23,21284.99,0.0235,439642.33
2023-12,West,Savings Account,2581,Standard Savings,353,564.1,25341.02,0.0251,194129.2
2023-12,West,Investment,2582,WealthBuilder Fund,333,100.0,11996.87,0.0656,31115.52
2023-12,West,Investment,2583,Retirement Plan,411,1020.56,18857.08,0.05,398477.65
